%YAML 1.1
%TAG !u! tag:unity3d.com,2011:
--- !u!29 &1
OcclusionCullingSettings:
  m_ObjectHideFlags: 0
  serializedVersion: 2
  m_OcclusionBakeSettings:
    smallestOccluder: 5
    smallestHole: 0.25
    backfaceThreshold: 100
  m_SceneGUID: 00000000000000000000000000000000
  m_OcclusionCullingData: {fileID: 0}
--- !u!104 &2
RenderSettings:
  m_ObjectHideFlags: 0
  serializedVersion: 9
  m_Fog: 0
  m_FogColor: {r: 0.5, g: 0.5, b: 0.5, a: 1}
  m_FogMode: 3
  m_FogDensity: 0.01
  m_LinearFogStart: 0
  m_LinearFogEnd: 300
  m_AmbientSkyColor: {r: 0.212, g: 0.227, b: 0.259, a: 1}
  m_AmbientEquatorColor: {r: 0.114, g: 0.125, b: 0.133, a: 1}
  m_AmbientGroundColor: {r: 0.047, g: 0.043, b: 0.035, a: 1}
  m_AmbientIntensity: 1
  m_AmbientMode: 0
  m_SubtractiveShadowColor: {r: 0.42, g: 0.478, b: 0.627, a: 1}
  m_SkyboxMaterial: {fileID: 10304, guid: 0000000000000000f000000000000000, type: 0}
  m_HaloStrength: 0.5
  m_FlareStrength: 1
  m_FlareFadeSpeed: 3
  m_HaloTexture: {fileID: 0}
  m_SpotCookie: {fileID: 10001, guid: 0000000000000000e000000000000000, type: 0}
  m_DefaultReflectionMode: 0
  m_DefaultReflectionResolution: 128
  m_ReflectionBounces: 1
  m_ReflectionIntensity: 1
  m_CustomReflection: {fileID: 0}
  m_Sun: {fileID: 0}
  m_IndirectSpecularColor: {r: 0.18028378, g: 0.22571412, b: 0.30692285, a: 1}
  m_UseRadianceAmbientProbe: 0
--- !u!157 &3
LightmapSettings:
  m_ObjectHideFlags: 0
  serializedVersion: 11
  m_GIWorkflowMode: 1
  m_GISettings:
    serializedVersion: 2
    m_BounceScale: 1
    m_IndirectOutputScale: 1
    m_AlbedoBoost: 1
    m_EnvironmentLightingMode: 1
    m_EnableBakedLightmaps: 1
    m_EnableRealtimeLightmaps: 1
  m_LightmapEditorSettings:
    serializedVersion: 12
    m_Resolution: 2
    m_BakeResolution: 40
    m_AtlasSize: 1024
    m_AO: 0
    m_AOMaxDistance: 1
    m_CompAOExponent: 1
    m_CompAOExponentDirect: 0
    m_ExtractAmbientOcclusion: 0
    m_Padding: 2
    m_LightmapParameters: {fileID: 0}
    m_LightmapsBakeMode: 1
    m_TextureCompression: 1
    m_FinalGather: 0
    m_FinalGatherFiltering: 1
    m_FinalGatherRayCount: 256
    m_ReflectionCompression: 2
    m_MixedBakeMode: 1
    m_BakeBackend: 1
    m_PVRSampling: 1
    m_PVRDirectSampleCount: 32
    m_PVRSampleCount: 500
    m_PVRBounces: 2
    m_PVREnvironmentSampleCount: 500
    m_PVREnvironmentReferencePointCount: 2048
    m_PVRFilteringMode: 2
    m_PVRDenoiserTypeDirect: 0
    m_PVRDenoiserTypeIndirect: 0
    m_PVRDenoiserTypeAO: 0
    m_PVRFilterTypeDirect: 0
    m_PVRFilterTypeIndirect: 0
    m_PVRFilterTypeAO: 0
    m_PVREnvironmentMIS: 0
    m_PVRCulling: 1
    m_PVRFilteringGaussRadiusDirect: 1
    m_PVRFilteringGaussRadiusIndirect: 5
    m_PVRFilteringGaussRadiusAO: 2
    m_PVRFilteringAtrousPositionSigmaDirect: 0.5
    m_PVRFilteringAtrousPositionSigmaIndirect: 2
    m_PVRFilteringAtrousPositionSigmaAO: 1
    m_ExportTrainingData: 0
    m_TrainingDataDestination: TrainingData
    m_LightProbeSampleCountMultiplier: 4
  m_LightingDataAsset: {fileID: 112000004, guid: eafe20aa0ee219447b215610019ce9c1,
    type: 2}
  m_UseShadowmask: 0
--- !u!196 &4
NavMeshSettings:
  serializedVersion: 2
  m_ObjectHideFlags: 0
  m_BuildSettings:
    serializedVersion: 2
    agentTypeID: 0
    agentRadius: 0.5
    agentHeight: 2
    agentSlope: 45
    agentClimb: 0.4
    ledgeDropHeight: 0
    maxJumpAcrossDistance: 0
    minRegionArea: 2
    manualCellSize: 0
    cellSize: 0.16666667
    manualTileSize: 0
    tileSize: 256
    accuratePlacement: 0
    debug:
      m_Flags: 0
  m_NavMeshData: {fileID: 0}
--- !u!4 &9501312 stripped
Transform:
  m_CorrespondingSourceObject: {fileID: 508193267074567052, guid: 1c12d58bf049c9c48bcbd89fe87946c0,
    type: 3}
  m_PrefabInstance: {fileID: 928810857}
  m_PrefabAsset: {fileID: 0}
--- !u!1001 &46387183
PrefabInstance:
  m_ObjectHideFlags: 0
  serializedVersion: 2
  m_Modification:
    m_TransformParent: {fileID: 367451541}
    m_Modifications:
    - target: {fileID: 3191666308778401737, guid: 39b1979f11f6b7d4a883ce2720e9c172,
        type: 3}
      propertyPath: m_LocalPosition.x
      value: 11.684
      objectReference: {fileID: 0}
    - target: {fileID: 3191666308778401737, guid: 39b1979f11f6b7d4a883ce2720e9c172,
        type: 3}
      propertyPath: m_LocalPosition.y
      value: 1.8299999
      objectReference: {fileID: 0}
    - target: {fileID: 3191666308778401737, guid: 39b1979f11f6b7d4a883ce2720e9c172,
        type: 3}
      propertyPath: m_LocalPosition.z
      value: -2.1
      objectReference: {fileID: 0}
    - target: {fileID: 3191666308778401737, guid: 39b1979f11f6b7d4a883ce2720e9c172,
        type: 3}
      propertyPath: m_LocalRotation.x
      value: 0
      objectReference: {fileID: 0}
    - target: {fileID: 3191666308778401737, guid: 39b1979f11f6b7d4a883ce2720e9c172,
        type: 3}
      propertyPath: m_LocalRotation.y
      value: 0
      objectReference: {fileID: 0}
    - target: {fileID: 3191666308778401737, guid: 39b1979f11f6b7d4a883ce2720e9c172,
        type: 3}
      propertyPath: m_LocalRotation.z
      value: 0
      objectReference: {fileID: 0}
    - target: {fileID: 3191666308778401737, guid: 39b1979f11f6b7d4a883ce2720e9c172,
        type: 3}
      propertyPath: m_LocalRotation.w
      value: 1
      objectReference: {fileID: 0}
    - target: {fileID: 3191666308778401737, guid: 39b1979f11f6b7d4a883ce2720e9c172,
        type: 3}
      propertyPath: m_RootOrder
      value: 25
      objectReference: {fileID: 0}
    - target: {fileID: 3191666308778401737, guid: 39b1979f11f6b7d4a883ce2720e9c172,
        type: 3}
      propertyPath: m_LocalEulerAnglesHint.x
      value: 0
      objectReference: {fileID: 0}
    - target: {fileID: 3191666308778401737, guid: 39b1979f11f6b7d4a883ce2720e9c172,
        type: 3}
      propertyPath: m_LocalEulerAnglesHint.y
      value: 0
      objectReference: {fileID: 0}
    - target: {fileID: 3191666308778401737, guid: 39b1979f11f6b7d4a883ce2720e9c172,
        type: 3}
      propertyPath: m_LocalEulerAnglesHint.z
      value: 0
      objectReference: {fileID: 0}
    - target: {fileID: 3191666308778401737, guid: 39b1979f11f6b7d4a883ce2720e9c172,
        type: 3}
      propertyPath: m_LocalScale.x
      value: 11.293926
      objectReference: {fileID: 0}
    - target: {fileID: 3191666308778689513, guid: 39b1979f11f6b7d4a883ce2720e9c172,
        type: 3}
      propertyPath: m_Name
      value: wall (10)
      objectReference: {fileID: 0}
    - target: {fileID: 3191666308780694825, guid: 39b1979f11f6b7d4a883ce2720e9c172,
        type: 3}
      propertyPath: m_Enabled
      value: 0
      objectReference: {fileID: 0}
    m_RemovedComponents: []
  m_SourcePrefab: {fileID: 100100000, guid: 39b1979f11f6b7d4a883ce2720e9c172, type: 3}
--- !u!4 &162007040 stripped
Transform:
  m_CorrespondingSourceObject: {fileID: 3191666308778401737, guid: 39b1979f11f6b7d4a883ce2720e9c172,
    type: 3}
  m_PrefabInstance: {fileID: 46387183}
  m_PrefabAsset: {fileID: 0}
--- !u!1001 &197180258
PrefabInstance:
  m_ObjectHideFlags: 0
  serializedVersion: 2
  m_Modification:
    m_TransformParent: {fileID: 367451541}
    m_Modifications:
    - target: {fileID: 2012724510133019667, guid: 8b3e86459cbca0043a9ca9856ed6a414,
        type: 3}
      propertyPath: m_Name
      value: Ground (1)
      objectReference: {fileID: 0}
    - target: {fileID: 4616141335002514642, guid: 8b3e86459cbca0043a9ca9856ed6a414,
        type: 3}
      propertyPath: m_LocalPosition.x
      value: 2.314254
      objectReference: {fileID: 0}
    - target: {fileID: 4616141335002514642, guid: 8b3e86459cbca0043a9ca9856ed6a414,
        type: 3}
      propertyPath: m_LocalPosition.y
      value: -0.34563804
      objectReference: {fileID: 0}
    - target: {fileID: 4616141335002514642, guid: 8b3e86459cbca0043a9ca9856ed6a414,
        type: 3}
      propertyPath: m_LocalPosition.z
      value: 26.773123
      objectReference: {fileID: 0}
    - target: {fileID: 4616141335002514642, guid: 8b3e86459cbca0043a9ca9856ed6a414,
        type: 3}
      propertyPath: m_LocalRotation.x
      value: -0
      objectReference: {fileID: 0}
    - target: {fileID: 4616141335002514642, guid: 8b3e86459cbca0043a9ca9856ed6a414,
        type: 3}
      propertyPath: m_LocalRotation.y
      value: -0
      objectReference: {fileID: 0}
    - target: {fileID: 4616141335002514642, guid: 8b3e86459cbca0043a9ca9856ed6a414,
        type: 3}
      propertyPath: m_LocalRotation.z
      value: -0
      objectReference: {fileID: 0}
    - target: {fileID: 4616141335002514642, guid: 8b3e86459cbca0043a9ca9856ed6a414,
        type: 3}
      propertyPath: m_LocalRotation.w
      value: 1
      objectReference: {fileID: 0}
    - target: {fileID: 4616141335002514642, guid: 8b3e86459cbca0043a9ca9856ed6a414,
        type: 3}
      propertyPath: m_RootOrder
      value: 26
      objectReference: {fileID: 0}
    - target: {fileID: 4616141335002514642, guid: 8b3e86459cbca0043a9ca9856ed6a414,
        type: 3}
      propertyPath: m_LocalEulerAnglesHint.x
      value: 0
      objectReference: {fileID: 0}
    - target: {fileID: 4616141335002514642, guid: 8b3e86459cbca0043a9ca9856ed6a414,
        type: 3}
      propertyPath: m_LocalEulerAnglesHint.y
      value: 0
      objectReference: {fileID: 0}
    - target: {fileID: 4616141335002514642, guid: 8b3e86459cbca0043a9ca9856ed6a414,
        type: 3}
      propertyPath: m_LocalEulerAnglesHint.z
      value: 0
      objectReference: {fileID: 0}
    - target: {fileID: 4616141335002514642, guid: 8b3e86459cbca0043a9ca9856ed6a414,
        type: 3}
      propertyPath: m_LocalScale.z
      value: 8.553612
      objectReference: {fileID: 0}
    - target: {fileID: 4616141335002514642, guid: 8b3e86459cbca0043a9ca9856ed6a414,
        type: 3}
      propertyPath: m_LocalScale.x
      value: 2.2124314
      objectReference: {fileID: 0}
    - target: {fileID: 4616141335002514642, guid: 8b3e86459cbca0043a9ca9856ed6a414,
        type: 3}
      propertyPath: m_LocalScale.y
      value: 0.6912761
      objectReference: {fileID: 0}
    m_RemovedComponents: []
  m_SourcePrefab: {fileID: 100100000, guid: 8b3e86459cbca0043a9ca9856ed6a414, type: 3}
--- !u!1001 &238239874
PrefabInstance:
  m_ObjectHideFlags: 0
  serializedVersion: 2
  m_Modification:
    m_TransformParent: {fileID: 367451541}
    m_Modifications:
    - target: {fileID: 3191666308778401737, guid: 39b1979f11f6b7d4a883ce2720e9c172,
        type: 3}
      propertyPath: m_LocalPosition.x
      value: 2.23
      objectReference: {fileID: 0}
    - target: {fileID: 3191666308778401737, guid: 39b1979f11f6b7d4a883ce2720e9c172,
        type: 3}
      propertyPath: m_LocalPosition.y
      value: 1.8299999
      objectReference: {fileID: 0}
    - target: {fileID: 3191666308778401737, guid: 39b1979f11f6b7d4a883ce2720e9c172,
        type: 3}
      propertyPath: m_LocalPosition.z
      value: 1.244
      objectReference: {fileID: 0}
    - target: {fileID: 3191666308778401737, guid: 39b1979f11f6b7d4a883ce2720e9c172,
        type: 3}
      propertyPath: m_LocalRotation.x
      value: -0
      objectReference: {fileID: 0}
    - target: {fileID: 3191666308778401737, guid: 39b1979f11f6b7d4a883ce2720e9c172,
        type: 3}
      propertyPath: m_LocalRotation.y
      value: 0.7071068
      objectReference: {fileID: 0}
    - target: {fileID: 3191666308778401737, guid: 39b1979f11f6b7d4a883ce2720e9c172,
        type: 3}
      propertyPath: m_LocalRotation.z
      value: -0
      objectReference: {fileID: 0}
    - target: {fileID: 3191666308778401737, guid: 39b1979f11f6b7d4a883ce2720e9c172,
        type: 3}
      propertyPath: m_LocalRotation.w
      value: 0.7071068
      objectReference: {fileID: 0}
    - target: {fileID: 3191666308778401737, guid: 39b1979f11f6b7d4a883ce2720e9c172,
        type: 3}
      propertyPath: m_RootOrder
      value: 19
      objectReference: {fileID: 0}
    - target: {fileID: 3191666308778401737, guid: 39b1979f11f6b7d4a883ce2720e9c172,
        type: 3}
      propertyPath: m_LocalEulerAnglesHint.x
      value: 0
      objectReference: {fileID: 0}
    - target: {fileID: 3191666308778401737, guid: 39b1979f11f6b7d4a883ce2720e9c172,
        type: 3}
      propertyPath: m_LocalEulerAnglesHint.y
      value: 90
      objectReference: {fileID: 0}
    - target: {fileID: 3191666308778401737, guid: 39b1979f11f6b7d4a883ce2720e9c172,
        type: 3}
      propertyPath: m_LocalEulerAnglesHint.z
      value: 0
      objectReference: {fileID: 0}
    - target: {fileID: 3191666308778401737, guid: 39b1979f11f6b7d4a883ce2720e9c172,
        type: 3}
      propertyPath: m_LocalScale.x
      value: 52.605713
      objectReference: {fileID: 0}
    - target: {fileID: 3191666308778689513, guid: 39b1979f11f6b7d4a883ce2720e9c172,
        type: 3}
      propertyPath: m_Name
      value: wall (7)
      objectReference: {fileID: 0}
    m_RemovedComponents: []
  m_SourcePrefab: {fileID: 100100000, guid: 39b1979f11f6b7d4a883ce2720e9c172, type: 3}
--- !u!4 &238239875 stripped
Transform:
  m_CorrespondingSourceObject: {fileID: 3191666308778401737, guid: 39b1979f11f6b7d4a883ce2720e9c172,
    type: 3}
  m_PrefabInstance: {fileID: 238239874}
  m_PrefabAsset: {fileID: 0}
--- !u!1001 &250122306
PrefabInstance:
  m_ObjectHideFlags: 0
  serializedVersion: 2
  m_Modification:
    m_TransformParent: {fileID: 367451541}
    m_Modifications:
    - target: {fileID: 3191666308778401737, guid: 39b1979f11f6b7d4a883ce2720e9c172,
        type: 3}
      propertyPath: m_LocalPosition.x
      value: 2.23
      objectReference: {fileID: 0}
    - target: {fileID: 3191666308778401737, guid: 39b1979f11f6b7d4a883ce2720e9c172,
        type: 3}
      propertyPath: m_LocalPosition.y
      value: 1.8299999
      objectReference: {fileID: 0}
    - target: {fileID: 3191666308778401737, guid: 39b1979f11f6b7d4a883ce2720e9c172,
        type: 3}
      propertyPath: m_LocalPosition.z
      value: 19.48
      objectReference: {fileID: 0}
    - target: {fileID: 3191666308778401737, guid: 39b1979f11f6b7d4a883ce2720e9c172,
        type: 3}
      propertyPath: m_LocalRotation.x
      value: -0
      objectReference: {fileID: 0}
    - target: {fileID: 3191666308778401737, guid: 39b1979f11f6b7d4a883ce2720e9c172,
        type: 3}
      propertyPath: m_LocalRotation.y
      value: 0.7071068
      objectReference: {fileID: 0}
    - target: {fileID: 3191666308778401737, guid: 39b1979f11f6b7d4a883ce2720e9c172,
        type: 3}
      propertyPath: m_LocalRotation.z
      value: -0
      objectReference: {fileID: 0}
    - target: {fileID: 3191666308778401737, guid: 39b1979f11f6b7d4a883ce2720e9c172,
        type: 3}
      propertyPath: m_LocalRotation.w
      value: 0.7071068
      objectReference: {fileID: 0}
    - target: {fileID: 3191666308778401737, guid: 39b1979f11f6b7d4a883ce2720e9c172,
        type: 3}
      propertyPath: m_RootOrder
      value: 16
      objectReference: {fileID: 0}
    - target: {fileID: 3191666308778401737, guid: 39b1979f11f6b7d4a883ce2720e9c172,
        type: 3}
      propertyPath: m_LocalEulerAnglesHint.x
      value: 0
      objectReference: {fileID: 0}
    - target: {fileID: 3191666308778401737, guid: 39b1979f11f6b7d4a883ce2720e9c172,
        type: 3}
      propertyPath: m_LocalEulerAnglesHint.y
      value: 90
      objectReference: {fileID: 0}
    - target: {fileID: 3191666308778401737, guid: 39b1979f11f6b7d4a883ce2720e9c172,
        type: 3}
      propertyPath: m_LocalEulerAnglesHint.z
      value: 0
      objectReference: {fileID: 0}
    - target: {fileID: 3191666308778401737, guid: 39b1979f11f6b7d4a883ce2720e9c172,
        type: 3}
      propertyPath: m_LocalScale.x
      value: 17.222612
      objectReference: {fileID: 0}
    - target: {fileID: 3191666308778689513, guid: 39b1979f11f6b7d4a883ce2720e9c172,
        type: 3}
      propertyPath: m_Name
      value: wall (6)
      objectReference: {fileID: 0}
    m_RemovedComponents: []
  m_SourcePrefab: {fileID: 100100000, guid: 39b1979f11f6b7d4a883ce2720e9c172, type: 3}
--- !u!4 &250122307 stripped
Transform:
  m_CorrespondingSourceObject: {fileID: 3191666308778401737, guid: 39b1979f11f6b7d4a883ce2720e9c172,
    type: 3}
  m_PrefabInstance: {fileID: 250122306}
  m_PrefabAsset: {fileID: 0}
--- !u!1001 &318595212
PrefabInstance:
  m_ObjectHideFlags: 0
  serializedVersion: 2
  m_Modification:
    m_TransformParent: {fileID: 367451541}
    m_Modifications:
    - target: {fileID: 3191666308778401737, guid: 39b1979f11f6b7d4a883ce2720e9c172,
        type: 3}
      propertyPath: m_LocalPosition.x
      value: 13.48
      objectReference: {fileID: 0}
    - target: {fileID: 3191666308778401737, guid: 39b1979f11f6b7d4a883ce2720e9c172,
        type: 3}
      propertyPath: m_LocalPosition.y
      value: 1.8299999
      objectReference: {fileID: 0}
    - target: {fileID: 3191666308778401737, guid: 39b1979f11f6b7d4a883ce2720e9c172,
        type: 3}
      propertyPath: m_LocalPosition.z
      value: 17.508999
      objectReference: {fileID: 0}
    - target: {fileID: 3191666308778401737, guid: 39b1979f11f6b7d4a883ce2720e9c172,
        type: 3}
      propertyPath: m_LocalRotation.x
      value: -0
      objectReference: {fileID: 0}
    - target: {fileID: 3191666308778401737, guid: 39b1979f11f6b7d4a883ce2720e9c172,
        type: 3}
      propertyPath: m_LocalRotation.y
      value: 0.7071068
      objectReference: {fileID: 0}
    - target: {fileID: 3191666308778401737, guid: 39b1979f11f6b7d4a883ce2720e9c172,
        type: 3}
      propertyPath: m_LocalRotation.z
      value: -0
      objectReference: {fileID: 0}
    - target: {fileID: 3191666308778401737, guid: 39b1979f11f6b7d4a883ce2720e9c172,
        type: 3}
      propertyPath: m_LocalRotation.w
      value: 0.7071068
      objectReference: {fileID: 0}
    - target: {fileID: 3191666308778401737, guid: 39b1979f11f6b7d4a883ce2720e9c172,
        type: 3}
      propertyPath: m_RootOrder
      value: 11
      objectReference: {fileID: 0}
    - target: {fileID: 3191666308778401737, guid: 39b1979f11f6b7d4a883ce2720e9c172,
        type: 3}
      propertyPath: m_LocalEulerAnglesHint.x
      value: 0
      objectReference: {fileID: 0}
    - target: {fileID: 3191666308778401737, guid: 39b1979f11f6b7d4a883ce2720e9c172,
        type: 3}
      propertyPath: m_LocalEulerAnglesHint.y
      value: 90
      objectReference: {fileID: 0}
    - target: {fileID: 3191666308778401737, guid: 39b1979f11f6b7d4a883ce2720e9c172,
        type: 3}
      propertyPath: m_LocalEulerAnglesHint.z
      value: 0
      objectReference: {fileID: 0}
    - target: {fileID: 3191666308778401737, guid: 39b1979f11f6b7d4a883ce2720e9c172,
        type: 3}
      propertyPath: m_LocalScale.x
      value: 20.039967
      objectReference: {fileID: 0}
    - target: {fileID: 3191666308778689513, guid: 39b1979f11f6b7d4a883ce2720e9c172,
        type: 3}
      propertyPath: m_Name
      value: wall (3)
      objectReference: {fileID: 0}
    m_RemovedComponents: []
  m_SourcePrefab: {fileID: 100100000, guid: 39b1979f11f6b7d4a883ce2720e9c172, type: 3}
--- !u!4 &318595213 stripped
Transform:
  m_CorrespondingSourceObject: {fileID: 3191666308778401737, guid: 39b1979f11f6b7d4a883ce2720e9c172,
    type: 3}
  m_PrefabInstance: {fileID: 318595212}
  m_PrefabAsset: {fileID: 0}
--- !u!1 &331188424
GameObject:
  m_ObjectHideFlags: 0
  m_CorrespondingSourceObject: {fileID: 0}
  m_PrefabInstance: {fileID: 0}
  m_PrefabAsset: {fileID: 0}
  serializedVersion: 6
  m_Component:
  - component: {fileID: 331188425}
  m_Layer: 0
  m_Name: GameElements
  m_TagString: Untagged
  m_Icon: {fileID: 0}
  m_NavMeshLayer: 0
  m_StaticEditorFlags: 0
  m_IsActive: 1
--- !u!4 &331188425
Transform:
  m_ObjectHideFlags: 0
  m_CorrespondingSourceObject: {fileID: 0}
  m_PrefabInstance: {fileID: 0}
  m_PrefabAsset: {fileID: 0}
  m_GameObject: {fileID: 331188424}
  m_LocalRotation: {x: 0, y: 0, z: 0, w: 1}
  m_LocalPosition: {x: 0, y: 0, z: 0}
  m_LocalScale: {x: 1, y: 1, z: 1}
  m_Children:
  - {fileID: 367451541}
  - {fileID: 1792378345}
  - {fileID: 3695446095887294517}
  m_Father: {fileID: 0}
  m_RootOrder: 0
  m_LocalEulerAnglesHint: {x: 0, y: 0, z: 0}
--- !u!1 &367451540
GameObject:
  m_ObjectHideFlags: 0
  m_CorrespondingSourceObject: {fileID: 0}
  m_PrefabInstance: {fileID: 0}
  m_PrefabAsset: {fileID: 0}
  serializedVersion: 6
  m_Component:
  - component: {fileID: 367451541}
  m_Layer: 0
  m_Name: Environment
  m_TagString: Untagged
  m_Icon: {fileID: 0}
  m_NavMeshLayer: 0
  m_StaticEditorFlags: 0
  m_IsActive: 1
--- !u!4 &367451541
Transform:
  m_ObjectHideFlags: 0
  m_CorrespondingSourceObject: {fileID: 0}
  m_PrefabInstance: {fileID: 0}
  m_PrefabAsset: {fileID: 0}
  m_GameObject: {fileID: 367451540}
  m_LocalRotation: {x: -0, y: -0, z: -0, w: 1}
  m_LocalPosition: {x: -3.4978, y: 0, z: -1.61}
  m_LocalScale: {x: 1.4466, y: 1.4466, z: 1.4466}
  m_Children:
  - {fileID: 1884739096}
  - {fileID: 1364956727}
  - {fileID: 1589393347}
  - {fileID: 1647501739}
  - {fileID: 737434316}
  - {fileID: 3662502949713160212}
  - {fileID: 4324806147046612728}
  - {fileID: 5211821789242990763}
  - {fileID: 3849375791549947298}
  - {fileID: 1725274479}
  - {fileID: 1512948909}
  - {fileID: 318595213}
  - {fileID: 592044219}
  - {fileID: 1851075498}
  - {fileID: 1834526106}
  - {fileID: 1957867827}
  - {fileID: 250122307}
  - {fileID: 1570040072}
  - {fileID: 2082705546}
  - {fileID: 238239875}
  - {fileID: 1250317174}
  - {fileID: 1176547320}
  - {fileID: 2050303457}
  - {fileID: 983467273}
  - {fileID: 9501312}
  - {fileID: 162007040}
  - {fileID: 987341700}
  m_Father: {fileID: 331188425}
  m_RootOrder: 0
  m_LocalEulerAnglesHint: {x: 0, y: 0, z: 0}
--- !u!1001 &592044218
PrefabInstance:
  m_ObjectHideFlags: 0
  serializedVersion: 2
  m_Modification:
    m_TransformParent: {fileID: 367451541}
    m_Modifications:
    - target: {fileID: 3179402525699313396, guid: 0388f6b2a1a02fb4284964f2cad7f577,
        type: 3}
      propertyPath: m_Name
      value: door (1)
      objectReference: {fileID: 0}
    - target: {fileID: 3179402525699609300, guid: 0388f6b2a1a02fb4284964f2cad7f577,
        type: 3}
      propertyPath: m_LocalPosition.x
      value: 13.419998
      objectReference: {fileID: 0}
    - target: {fileID: 3179402525699609300, guid: 0388f6b2a1a02fb4284964f2cad7f577,
        type: 3}
      propertyPath: m_LocalPosition.y
      value: 0.05000019
      objectReference: {fileID: 0}
    - target: {fileID: 3179402525699609300, guid: 0388f6b2a1a02fb4284964f2cad7f577,
        type: 3}
      propertyPath: m_LocalPosition.z
      value: 13.199999
      objectReference: {fileID: 0}
    - target: {fileID: 3179402525699609300, guid: 0388f6b2a1a02fb4284964f2cad7f577,
        type: 3}
      propertyPath: m_LocalRotation.x
      value: -0
      objectReference: {fileID: 0}
    - target: {fileID: 3179402525699609300, guid: 0388f6b2a1a02fb4284964f2cad7f577,
        type: 3}
      propertyPath: m_LocalRotation.y
      value: 0.7071068
      objectReference: {fileID: 0}
    - target: {fileID: 3179402525699609300, guid: 0388f6b2a1a02fb4284964f2cad7f577,
        type: 3}
      propertyPath: m_LocalRotation.z
      value: -0
      objectReference: {fileID: 0}
    - target: {fileID: 3179402525699609300, guid: 0388f6b2a1a02fb4284964f2cad7f577,
        type: 3}
      propertyPath: m_LocalRotation.w
      value: 0.7071068
      objectReference: {fileID: 0}
    - target: {fileID: 3179402525699609300, guid: 0388f6b2a1a02fb4284964f2cad7f577,
        type: 3}
      propertyPath: m_RootOrder
      value: 12
      objectReference: {fileID: 0}
    - target: {fileID: 3179402525699609300, guid: 0388f6b2a1a02fb4284964f2cad7f577,
        type: 3}
      propertyPath: m_LocalEulerAnglesHint.x
      value: 0
      objectReference: {fileID: 0}
    - target: {fileID: 3179402525699609300, guid: 0388f6b2a1a02fb4284964f2cad7f577,
        type: 3}
      propertyPath: m_LocalEulerAnglesHint.y
      value: 90
      objectReference: {fileID: 0}
    - target: {fileID: 3179402525699609300, guid: 0388f6b2a1a02fb4284964f2cad7f577,
        type: 3}
      propertyPath: m_LocalEulerAnglesHint.z
      value: 0
      objectReference: {fileID: 0}
    m_RemovedComponents: []
  m_SourcePrefab: {fileID: 100100000, guid: 0388f6b2a1a02fb4284964f2cad7f577, type: 3}
--- !u!4 &592044219 stripped
Transform:
  m_CorrespondingSourceObject: {fileID: 3179402525699609300, guid: 0388f6b2a1a02fb4284964f2cad7f577,
    type: 3}
  m_PrefabInstance: {fileID: 592044218}
  m_PrefabAsset: {fileID: 0}
--- !u!1001 &737434315
PrefabInstance:
  m_ObjectHideFlags: 0
  serializedVersion: 2
  m_Modification:
    m_TransformParent: {fileID: 367451541}
    m_Modifications:
    - target: {fileID: 3684761670601280923, guid: 71a8999a39be29148934791541854082,
        type: 3}
      propertyPath: m_Name
      value: bench_2 (1)
      objectReference: {fileID: 0}
    - target: {fileID: 3684761670601511355, guid: 71a8999a39be29148934791541854082,
        type: 3}
      propertyPath: m_LocalPosition.x
      value: 2.94
      objectReference: {fileID: 0}
    - target: {fileID: 3684761670601511355, guid: 71a8999a39be29148934791541854082,
        type: 3}
      propertyPath: m_LocalPosition.y
      value: 0.6300001
      objectReference: {fileID: 0}
    - target: {fileID: 3684761670601511355, guid: 71a8999a39be29148934791541854082,
        type: 3}
      propertyPath: m_LocalPosition.z
      value: 27.59
      objectReference: {fileID: 0}
    - target: {fileID: 3684761670601511355, guid: 71a8999a39be29148934791541854082,
        type: 3}
      propertyPath: m_LocalRotation.x
      value: -0
      objectReference: {fileID: 0}
    - target: {fileID: 3684761670601511355, guid: 71a8999a39be29148934791541854082,
        type: 3}
      propertyPath: m_LocalRotation.y
      value: 0.7071068
      objectReference: {fileID: 0}
    - target: {fileID: 3684761670601511355, guid: 71a8999a39be29148934791541854082,
        type: 3}
      propertyPath: m_LocalRotation.z
      value: -0
      objectReference: {fileID: 0}
    - target: {fileID: 3684761670601511355, guid: 71a8999a39be29148934791541854082,
        type: 3}
      propertyPath: m_LocalRotation.w
      value: 0.7071068
      objectReference: {fileID: 0}
    - target: {fileID: 3684761670601511355, guid: 71a8999a39be29148934791541854082,
        type: 3}
      propertyPath: m_RootOrder
      value: 4
      objectReference: {fileID: 0}
    - target: {fileID: 3684761670601511355, guid: 71a8999a39be29148934791541854082,
        type: 3}
      propertyPath: m_LocalEulerAnglesHint.x
      value: 0
      objectReference: {fileID: 0}
    - target: {fileID: 3684761670601511355, guid: 71a8999a39be29148934791541854082,
        type: 3}
      propertyPath: m_LocalEulerAnglesHint.y
      value: 90
      objectReference: {fileID: 0}
    - target: {fileID: 3684761670601511355, guid: 71a8999a39be29148934791541854082,
        type: 3}
      propertyPath: m_LocalEulerAnglesHint.z
      value: 0
      objectReference: {fileID: 0}
    - target: {fileID: 3684761670601511355, guid: 71a8999a39be29148934791541854082,
        type: 3}
      propertyPath: m_LocalScale.x
      value: 4
      objectReference: {fileID: 0}
    - target: {fileID: 3684761670601511355, guid: 71a8999a39be29148934791541854082,
        type: 3}
      propertyPath: m_LocalScale.y
      value: 4
      objectReference: {fileID: 0}
    - target: {fileID: 3684761670601511355, guid: 71a8999a39be29148934791541854082,
        type: 3}
      propertyPath: m_LocalScale.z
      value: 4
      objectReference: {fileID: 0}
    m_RemovedComponents: []
  m_SourcePrefab: {fileID: 100100000, guid: 71a8999a39be29148934791541854082, type: 3}
--- !u!4 &737434316 stripped
Transform:
  m_CorrespondingSourceObject: {fileID: 3684761670601511355, guid: 71a8999a39be29148934791541854082,
    type: 3}
  m_PrefabInstance: {fileID: 737434315}
  m_PrefabAsset: {fileID: 0}
--- !u!1001 &928810857
PrefabInstance:
  m_ObjectHideFlags: 0
  serializedVersion: 2
  m_Modification:
    m_TransformParent: {fileID: 367451541}
    m_Modifications:
    - target: {fileID: 508193267072665960, guid: 1c12d58bf049c9c48bcbd89fe87946c0,
        type: 3}
      propertyPath: m_Enabled
      value: 0
      objectReference: {fileID: 0}
    - target: {fileID: 508193267072665962, guid: 1c12d58bf049c9c48bcbd89fe87946c0,
        type: 3}
      propertyPath: m_Enabled
      value: 0
      objectReference: {fileID: 0}
    - target: {fileID: 508193267072665964, guid: 1c12d58bf049c9c48bcbd89fe87946c0,
        type: 3}
      propertyPath: m_Enabled
      value: 0
      objectReference: {fileID: 0}
    - target: {fileID: 508193267074567052, guid: 1c12d58bf049c9c48bcbd89fe87946c0,
        type: 3}
      propertyPath: m_LocalPosition.x
      value: 7.918
      objectReference: {fileID: 0}
    - target: {fileID: 508193267074567052, guid: 1c12d58bf049c9c48bcbd89fe87946c0,
        type: 3}
      propertyPath: m_LocalPosition.y
      value: 0.043
      objectReference: {fileID: 0}
    - target: {fileID: 508193267074567052, guid: 1c12d58bf049c9c48bcbd89fe87946c0,
        type: 3}
      propertyPath: m_LocalPosition.z
      value: -2.05
      objectReference: {fileID: 0}
    - target: {fileID: 508193267074567052, guid: 1c12d58bf049c9c48bcbd89fe87946c0,
        type: 3}
      propertyPath: m_LocalRotation.x
      value: 0
      objectReference: {fileID: 0}
    - target: {fileID: 508193267074567052, guid: 1c12d58bf049c9c48bcbd89fe87946c0,
        type: 3}
      propertyPath: m_LocalRotation.y
      value: 0
      objectReference: {fileID: 0}
    - target: {fileID: 508193267074567052, guid: 1c12d58bf049c9c48bcbd89fe87946c0,
        type: 3}
      propertyPath: m_LocalRotation.z
      value: 0
      objectReference: {fileID: 0}
    - target: {fileID: 508193267074567052, guid: 1c12d58bf049c9c48bcbd89fe87946c0,
        type: 3}
      propertyPath: m_LocalRotation.w
      value: 1
      objectReference: {fileID: 0}
    - target: {fileID: 508193267074567052, guid: 1c12d58bf049c9c48bcbd89fe87946c0,
        type: 3}
      propertyPath: m_RootOrder
      value: 24
      objectReference: {fileID: 0}
    - target: {fileID: 508193267074567052, guid: 1c12d58bf049c9c48bcbd89fe87946c0,
        type: 3}
      propertyPath: m_LocalEulerAnglesHint.x
      value: 0
      objectReference: {fileID: 0}
    - target: {fileID: 508193267074567052, guid: 1c12d58bf049c9c48bcbd89fe87946c0,
        type: 3}
      propertyPath: m_LocalEulerAnglesHint.y
      value: 0
      objectReference: {fileID: 0}
    - target: {fileID: 508193267074567052, guid: 1c12d58bf049c9c48bcbd89fe87946c0,
        type: 3}
      propertyPath: m_LocalEulerAnglesHint.z
      value: 0
      objectReference: {fileID: 0}
    - target: {fileID: 508193267074567052, guid: 1c12d58bf049c9c48bcbd89fe87946c0,
        type: 3}
      propertyPath: m_LocalScale.x
      value: 3.7326078
      objectReference: {fileID: 0}
    - target: {fileID: 508193267074865068, guid: 1c12d58bf049c9c48bcbd89fe87946c0,
        type: 3}
      propertyPath: m_Name
      value: front door (1)
      objectReference: {fileID: 0}
    m_RemovedComponents: []
  m_SourcePrefab: {fileID: 100100000, guid: 1c12d58bf049c9c48bcbd89fe87946c0, type: 3}
--- !u!4 &983467273 stripped
Transform:
  m_CorrespondingSourceObject: {fileID: 3191666308778401737, guid: 39b1979f11f6b7d4a883ce2720e9c172,
    type: 3}
  m_PrefabInstance: {fileID: 1787728870}
  m_PrefabAsset: {fileID: 0}
--- !u!4 &987341700 stripped
Transform:
  m_CorrespondingSourceObject: {fileID: 4616141335002514642, guid: 8b3e86459cbca0043a9ca9856ed6a414,
    type: 3}
  m_PrefabInstance: {fileID: 197180258}
  m_PrefabAsset: {fileID: 0}
--- !u!1 &1155903219 stripped
GameObject:
  m_CorrespondingSourceObject: {fileID: 3684761670601280923, guid: 71a8999a39be29148934791541854082,
    type: 3}
  m_PrefabInstance: {fileID: 737434315}
  m_PrefabAsset: {fileID: 0}
--- !u!65 &1155903220
BoxCollider:
  m_ObjectHideFlags: 0
  m_CorrespondingSourceObject: {fileID: 0}
  m_PrefabInstance: {fileID: 0}
  m_PrefabAsset: {fileID: 0}
  m_GameObject: {fileID: 1155903219}
  m_Material: {fileID: 0}
  m_IsTrigger: 0
  m_Enabled: 1
  serializedVersion: 2
  m_Size: {x: 0.9463648, y: 0.35378125, z: 0.24526337}
  m_Center: {x: -0.0008045138, y: 0.020463398, z: -0.014524816}
--- !u!1001 &1176547319
PrefabInstance:
  m_ObjectHideFlags: 0
  serializedVersion: 2
  m_Modification:
    m_TransformParent: {fileID: 367451541}
    m_Modifications:
    - target: {fileID: 3684761670601280923, guid: 71a8999a39be29148934791541854082,
        type: 3}
      propertyPath: m_Name
      value: bench_2 (2)
      objectReference: {fileID: 0}
    - target: {fileID: 3684761670601511355, guid: 71a8999a39be29148934791541854082,
        type: 3}
      propertyPath: m_LocalPosition.x
      value: 3.15
      objectReference: {fileID: 0}
    - target: {fileID: 3684761670601511355, guid: 71a8999a39be29148934791541854082,
        type: 3}
      propertyPath: m_LocalPosition.y
      value: 0.6300001
      objectReference: {fileID: 0}
    - target: {fileID: 3684761670601511355, guid: 71a8999a39be29148934791541854082,
        type: 3}
      propertyPath: m_LocalPosition.z
      value: 7.47
      objectReference: {fileID: 0}
    - target: {fileID: 3684761670601511355, guid: 71a8999a39be29148934791541854082,
        type: 3}
      propertyPath: m_LocalRotation.x
      value: -0
      objectReference: {fileID: 0}
    - target: {fileID: 3684761670601511355, guid: 71a8999a39be29148934791541854082,
        type: 3}
      propertyPath: m_LocalRotation.y
      value: 0.7071068
      objectReference: {fileID: 0}
    - target: {fileID: 3684761670601511355, guid: 71a8999a39be29148934791541854082,
        type: 3}
      propertyPath: m_LocalRotation.z
      value: -0
      objectReference: {fileID: 0}
    - target: {fileID: 3684761670601511355, guid: 71a8999a39be29148934791541854082,
        type: 3}
      propertyPath: m_LocalRotation.w
      value: 0.7071068
      objectReference: {fileID: 0}
    - target: {fileID: 3684761670601511355, guid: 71a8999a39be29148934791541854082,
        type: 3}
      propertyPath: m_RootOrder
      value: 21
      objectReference: {fileID: 0}
    - target: {fileID: 3684761670601511355, guid: 71a8999a39be29148934791541854082,
        type: 3}
      propertyPath: m_LocalEulerAnglesHint.x
      value: 0
      objectReference: {fileID: 0}
    - target: {fileID: 3684761670601511355, guid: 71a8999a39be29148934791541854082,
        type: 3}
      propertyPath: m_LocalEulerAnglesHint.y
      value: 90
      objectReference: {fileID: 0}
    - target: {fileID: 3684761670601511355, guid: 71a8999a39be29148934791541854082,
        type: 3}
      propertyPath: m_LocalEulerAnglesHint.z
      value: 0
      objectReference: {fileID: 0}
    m_RemovedComponents: []
  m_SourcePrefab: {fileID: 100100000, guid: 71a8999a39be29148934791541854082, type: 3}
--- !u!4 &1176547320 stripped
Transform:
  m_CorrespondingSourceObject: {fileID: 3684761670601511355, guid: 71a8999a39be29148934791541854082,
    type: 3}
  m_PrefabInstance: {fileID: 1176547319}
  m_PrefabAsset: {fileID: 0}
--- !u!1001 &1250317173
PrefabInstance:
  m_ObjectHideFlags: 0
  serializedVersion: 2
  m_Modification:
    m_TransformParent: {fileID: 367451541}
    m_Modifications:
    - target: {fileID: 3191666308778401737, guid: 39b1979f11f6b7d4a883ce2720e9c172,
        type: 3}
      propertyPath: m_LocalPosition.x
      value: 13.48
      objectReference: {fileID: 0}
    - target: {fileID: 3191666308778401737, guid: 39b1979f11f6b7d4a883ce2720e9c172,
        type: 3}
      propertyPath: m_LocalPosition.y
      value: 1.8299999
      objectReference: {fileID: 0}
    - target: {fileID: 3191666308778401737, guid: 39b1979f11f6b7d4a883ce2720e9c172,
        type: 3}
      propertyPath: m_LocalPosition.z
      value: 0.996
      objectReference: {fileID: 0}
    - target: {fileID: 3191666308778401737, guid: 39b1979f11f6b7d4a883ce2720e9c172,
        type: 3}
      propertyPath: m_LocalRotation.x
      value: -0
      objectReference: {fileID: 0}
    - target: {fileID: 3191666308778401737, guid: 39b1979f11f6b7d4a883ce2720e9c172,
        type: 3}
      propertyPath: m_LocalRotation.y
      value: 0.7071068
      objectReference: {fileID: 0}
    - target: {fileID: 3191666308778401737, guid: 39b1979f11f6b7d4a883ce2720e9c172,
        type: 3}
      propertyPath: m_LocalRotation.z
      value: -0
      objectReference: {fileID: 0}
    - target: {fileID: 3191666308778401737, guid: 39b1979f11f6b7d4a883ce2720e9c172,
        type: 3}
      propertyPath: m_LocalRotation.w
      value: 0.7071068
      objectReference: {fileID: 0}
    - target: {fileID: 3191666308778401737, guid: 39b1979f11f6b7d4a883ce2720e9c172,
        type: 3}
      propertyPath: m_RootOrder
      value: 20
      objectReference: {fileID: 0}
    - target: {fileID: 3191666308778401737, guid: 39b1979f11f6b7d4a883ce2720e9c172,
        type: 3}
      propertyPath: m_LocalEulerAnglesHint.x
      value: 0
      objectReference: {fileID: 0}
    - target: {fileID: 3191666308778401737, guid: 39b1979f11f6b7d4a883ce2720e9c172,
        type: 3}
      propertyPath: m_LocalEulerAnglesHint.y
      value: 90
      objectReference: {fileID: 0}
    - target: {fileID: 3191666308778401737, guid: 39b1979f11f6b7d4a883ce2720e9c172,
        type: 3}
      propertyPath: m_LocalEulerAnglesHint.z
      value: 0
      objectReference: {fileID: 0}
    - target: {fileID: 3191666308778401737, guid: 39b1979f11f6b7d4a883ce2720e9c172,
        type: 3}
      propertyPath: m_LocalScale.x
      value: 51.644585
      objectReference: {fileID: 0}
    - target: {fileID: 3191666308778689513, guid: 39b1979f11f6b7d4a883ce2720e9c172,
        type: 3}
      propertyPath: m_Name
      value: wall (8)
      objectReference: {fileID: 0}
    m_RemovedComponents: []
  m_SourcePrefab: {fileID: 100100000, guid: 39b1979f11f6b7d4a883ce2720e9c172, type: 3}
--- !u!4 &1250317174 stripped
Transform:
  m_CorrespondingSourceObject: {fileID: 3191666308778401737, guid: 39b1979f11f6b7d4a883ce2720e9c172,
    type: 3}
  m_PrefabInstance: {fileID: 1250317173}
  m_PrefabAsset: {fileID: 0}
--- !u!4 &1364956727 stripped
Transform:
  m_CorrespondingSourceObject: {fileID: 6371794108101846941, guid: 3f28bc0c78bd9e84eb5968eae380e340,
    type: 3}
  m_PrefabInstance: {fileID: 6371794107275014570}
  m_PrefabAsset: {fileID: 0}
--- !u!1001 &1512948908
PrefabInstance:
  m_ObjectHideFlags: 0
  serializedVersion: 2
  m_Modification:
    m_TransformParent: {fileID: 367451541}
    m_Modifications:
    - target: {fileID: 3191666308778401737, guid: 39b1979f11f6b7d4a883ce2720e9c172,
        type: 3}
      propertyPath: m_LocalPosition.x
      value: 13.48
      objectReference: {fileID: 0}
    - target: {fileID: 3191666308778401737, guid: 39b1979f11f6b7d4a883ce2720e9c172,
        type: 3}
      propertyPath: m_LocalPosition.y
      value: 1.8299999
      objectReference: {fileID: 0}
    - target: {fileID: 3191666308778401737, guid: 39b1979f11f6b7d4a883ce2720e9c172,
        type: 3}
      propertyPath: m_LocalPosition.z
      value: 28.078999
      objectReference: {fileID: 0}
    - target: {fileID: 3191666308778401737, guid: 39b1979f11f6b7d4a883ce2720e9c172,
        type: 3}
      propertyPath: m_LocalRotation.x
      value: -0
      objectReference: {fileID: 0}
    - target: {fileID: 3191666308778401737, guid: 39b1979f11f6b7d4a883ce2720e9c172,
        type: 3}
      propertyPath: m_LocalRotation.y
      value: 0.7071068
      objectReference: {fileID: 0}
    - target: {fileID: 3191666308778401737, guid: 39b1979f11f6b7d4a883ce2720e9c172,
        type: 3}
      propertyPath: m_LocalRotation.z
      value: -0
      objectReference: {fileID: 0}
    - target: {fileID: 3191666308778401737, guid: 39b1979f11f6b7d4a883ce2720e9c172,
        type: 3}
      propertyPath: m_LocalRotation.w
      value: 0.7071068
      objectReference: {fileID: 0}
    - target: {fileID: 3191666308778401737, guid: 39b1979f11f6b7d4a883ce2720e9c172,
        type: 3}
      propertyPath: m_RootOrder
      value: 10
      objectReference: {fileID: 0}
    - target: {fileID: 3191666308778401737, guid: 39b1979f11f6b7d4a883ce2720e9c172,
        type: 3}
      propertyPath: m_LocalEulerAnglesHint.x
      value: 0
      objectReference: {fileID: 0}
    - target: {fileID: 3191666308778401737, guid: 39b1979f11f6b7d4a883ce2720e9c172,
        type: 3}
      propertyPath: m_LocalEulerAnglesHint.y
      value: 90
      objectReference: {fileID: 0}
    - target: {fileID: 3191666308778401737, guid: 39b1979f11f6b7d4a883ce2720e9c172,
        type: 3}
      propertyPath: m_LocalEulerAnglesHint.z
      value: 0
      objectReference: {fileID: 0}
    - target: {fileID: 3191666308778401737, guid: 39b1979f11f6b7d4a883ce2720e9c172,
        type: 3}
      propertyPath: m_LocalScale.x
      value: 12.24937
      objectReference: {fileID: 0}
    - target: {fileID: 3191666308778689513, guid: 39b1979f11f6b7d4a883ce2720e9c172,
        type: 3}
      propertyPath: m_Name
      value: wall (2)
      objectReference: {fileID: 0}
    m_RemovedComponents: []
  m_SourcePrefab: {fileID: 100100000, guid: 39b1979f11f6b7d4a883ce2720e9c172, type: 3}
--- !u!4 &1512948909 stripped
Transform:
  m_CorrespondingSourceObject: {fileID: 3191666308778401737, guid: 39b1979f11f6b7d4a883ce2720e9c172,
    type: 3}
  m_PrefabInstance: {fileID: 1512948908}
  m_PrefabAsset: {fileID: 0}
--- !u!1001 &1570040071
PrefabInstance:
  m_ObjectHideFlags: 0
  serializedVersion: 2
  m_Modification:
    m_TransformParent: {fileID: 367451541}
    m_Modifications:
    - target: {fileID: 918040209209807491, guid: 34598d7c322f3b24883d500f9db65c69,
        type: 3}
      propertyPath: m_LocalPosition.x
      value: 2.23
      objectReference: {fileID: 0}
    - target: {fileID: 918040209209807491, guid: 34598d7c322f3b24883d500f9db65c69,
        type: 3}
      propertyPath: m_LocalPosition.y
      value: 2.177
      objectReference: {fileID: 0}
    - target: {fileID: 918040209209807491, guid: 34598d7c322f3b24883d500f9db65c69,
        type: 3}
      propertyPath: m_LocalPosition.z
      value: 14.589
      objectReference: {fileID: 0}
    - target: {fileID: 918040209209807491, guid: 34598d7c322f3b24883d500f9db65c69,
        type: 3}
      propertyPath: m_LocalRotation.x
      value: -0
      objectReference: {fileID: 0}
    - target: {fileID: 918040209209807491, guid: 34598d7c322f3b24883d500f9db65c69,
        type: 3}
      propertyPath: m_LocalRotation.y
      value: 0.7071068
      objectReference: {fileID: 0}
    - target: {fileID: 918040209209807491, guid: 34598d7c322f3b24883d500f9db65c69,
        type: 3}
      propertyPath: m_LocalRotation.z
      value: -0
      objectReference: {fileID: 0}
    - target: {fileID: 918040209209807491, guid: 34598d7c322f3b24883d500f9db65c69,
        type: 3}
      propertyPath: m_LocalRotation.w
      value: 0.7071068
      objectReference: {fileID: 0}
    - target: {fileID: 918040209209807491, guid: 34598d7c322f3b24883d500f9db65c69,
        type: 3}
      propertyPath: m_RootOrder
      value: 17
      objectReference: {fileID: 0}
    - target: {fileID: 918040209209807491, guid: 34598d7c322f3b24883d500f9db65c69,
        type: 3}
      propertyPath: m_LocalEulerAnglesHint.x
      value: 0
      objectReference: {fileID: 0}
    - target: {fileID: 918040209209807491, guid: 34598d7c322f3b24883d500f9db65c69,
        type: 3}
      propertyPath: m_LocalEulerAnglesHint.y
      value: 90
      objectReference: {fileID: 0}
    - target: {fileID: 918040209209807491, guid: 34598d7c322f3b24883d500f9db65c69,
        type: 3}
      propertyPath: m_LocalEulerAnglesHint.z
      value: 0
      objectReference: {fileID: 0}
    - target: {fileID: 918040209209807491, guid: 34598d7c322f3b24883d500f9db65c69,
        type: 3}
      propertyPath: m_LocalScale.x
      value: 6.232
      objectReference: {fileID: 0}
    - target: {fileID: 918040209210101411, guid: 34598d7c322f3b24883d500f9db65c69,
        type: 3}
      propertyPath: m_Name
      value: wall with a window (2)
      objectReference: {fileID: 0}
    m_RemovedComponents: []
  m_SourcePrefab: {fileID: 100100000, guid: 34598d7c322f3b24883d500f9db65c69, type: 3}
--- !u!4 &1570040072 stripped
Transform:
  m_CorrespondingSourceObject: {fileID: 918040209209807491, guid: 34598d7c322f3b24883d500f9db65c69,
    type: 3}
  m_PrefabInstance: {fileID: 1570040071}
  m_PrefabAsset: {fileID: 0}
--- !u!1001 &1587024185
PrefabInstance:
  m_ObjectHideFlags: 0
  serializedVersion: 2
  m_Modification:
    m_TransformParent: {fileID: 367451541}
    m_Modifications:
    - target: {fileID: 3684761670601280923, guid: 71a8999a39be29148934791541854082,
        type: 3}
      propertyPath: m_Name
      value: bench_2 (3)
      objectReference: {fileID: 0}
    - target: {fileID: 3684761670601511355, guid: 71a8999a39be29148934791541854082,
        type: 3}
      propertyPath: m_LocalPosition.x
      value: 12.79
      objectReference: {fileID: 0}
    - target: {fileID: 3684761670601511355, guid: 71a8999a39be29148934791541854082,
        type: 3}
      propertyPath: m_LocalPosition.y
      value: 0.6300001
      objectReference: {fileID: 0}
    - target: {fileID: 3684761670601511355, guid: 71a8999a39be29148934791541854082,
        type: 3}
      propertyPath: m_LocalPosition.z
      value: 6.35
      objectReference: {fileID: 0}
    - target: {fileID: 3684761670601511355, guid: 71a8999a39be29148934791541854082,
        type: 3}
      propertyPath: m_LocalRotation.x
      value: 0
      objectReference: {fileID: 0}
    - target: {fileID: 3684761670601511355, guid: 71a8999a39be29148934791541854082,
        type: 3}
      propertyPath: m_LocalRotation.y
      value: -0.7071068
      objectReference: {fileID: 0}
    - target: {fileID: 3684761670601511355, guid: 71a8999a39be29148934791541854082,
        type: 3}
      propertyPath: m_LocalRotation.z
      value: 0
      objectReference: {fileID: 0}
    - target: {fileID: 3684761670601511355, guid: 71a8999a39be29148934791541854082,
        type: 3}
      propertyPath: m_LocalRotation.w
      value: 0.7071068
      objectReference: {fileID: 0}
    - target: {fileID: 3684761670601511355, guid: 71a8999a39be29148934791541854082,
        type: 3}
      propertyPath: m_RootOrder
      value: 22
      objectReference: {fileID: 0}
    - target: {fileID: 3684761670601511355, guid: 71a8999a39be29148934791541854082,
        type: 3}
      propertyPath: m_LocalEulerAnglesHint.x
      value: 0
      objectReference: {fileID: 0}
    - target: {fileID: 3684761670601511355, guid: 71a8999a39be29148934791541854082,
        type: 3}
      propertyPath: m_LocalEulerAnglesHint.y
      value: -90
      objectReference: {fileID: 0}
    - target: {fileID: 3684761670601511355, guid: 71a8999a39be29148934791541854082,
        type: 3}
      propertyPath: m_LocalEulerAnglesHint.z
      value: 0
      objectReference: {fileID: 0}
    m_RemovedComponents: []
  m_SourcePrefab: {fileID: 100100000, guid: 71a8999a39be29148934791541854082, type: 3}
--- !u!4 &1589393347 stripped
Transform:
  m_CorrespondingSourceObject: {fileID: 266716574027081897, guid: 6a7265d277687794cb2c41353511b5c3,
    type: 3}
  m_PrefabInstance: {fileID: 266716574724644714}
  m_PrefabAsset: {fileID: 0}
--- !u!4 &1647501739 stripped
Transform:
  m_CorrespondingSourceObject: {fileID: 3684761670601511355, guid: 71a8999a39be29148934791541854082,
    type: 3}
  m_PrefabInstance: {fileID: 3684761668956418064}
  m_PrefabAsset: {fileID: 0}
--- !u!1001 &1725274478
PrefabInstance:
  m_ObjectHideFlags: 0
  serializedVersion: 2
  m_Modification:
    m_TransformParent: {fileID: 367451541}
    m_Modifications:
    - target: {fileID: 3191666308778401737, guid: 39b1979f11f6b7d4a883ce2720e9c172,
        type: 3}
      propertyPath: m_LocalPosition.x
      value: 12.028999
      objectReference: {fileID: 0}
    - target: {fileID: 3191666308778401737, guid: 39b1979f11f6b7d4a883ce2720e9c172,
        type: 3}
      propertyPath: m_LocalPosition.y
      value: 1.8299999
      objectReference: {fileID: 0}
    - target: {fileID: 3191666308778401737, guid: 39b1979f11f6b7d4a883ce2720e9c172,
        type: 3}
      propertyPath: m_LocalPosition.z
      value: 30.099998
      objectReference: {fileID: 0}
    - target: {fileID: 3191666308778401737, guid: 39b1979f11f6b7d4a883ce2720e9c172,
        type: 3}
      propertyPath: m_LocalRotation.x
      value: -0
      objectReference: {fileID: 0}
    - target: {fileID: 3191666308778401737, guid: 39b1979f11f6b7d4a883ce2720e9c172,
        type: 3}
      propertyPath: m_LocalRotation.y
      value: -0
      objectReference: {fileID: 0}
    - target: {fileID: 3191666308778401737, guid: 39b1979f11f6b7d4a883ce2720e9c172,
        type: 3}
      propertyPath: m_LocalRotation.z
      value: -0
      objectReference: {fileID: 0}
    - target: {fileID: 3191666308778401737, guid: 39b1979f11f6b7d4a883ce2720e9c172,
        type: 3}
      propertyPath: m_LocalRotation.w
      value: 1
      objectReference: {fileID: 0}
    - target: {fileID: 3191666308778401737, guid: 39b1979f11f6b7d4a883ce2720e9c172,
        type: 3}
      propertyPath: m_RootOrder
      value: 9
      objectReference: {fileID: 0}
    - target: {fileID: 3191666308778401737, guid: 39b1979f11f6b7d4a883ce2720e9c172,
        type: 3}
      propertyPath: m_LocalEulerAnglesHint.x
      value: 0
      objectReference: {fileID: 0}
    - target: {fileID: 3191666308778401737, guid: 39b1979f11f6b7d4a883ce2720e9c172,
        type: 3}
      propertyPath: m_LocalEulerAnglesHint.y
      value: 0
      objectReference: {fileID: 0}
    - target: {fileID: 3191666308778401737, guid: 39b1979f11f6b7d4a883ce2720e9c172,
        type: 3}
      propertyPath: m_LocalEulerAnglesHint.z
      value: 0
      objectReference: {fileID: 0}
    - target: {fileID: 3191666308778401737, guid: 39b1979f11f6b7d4a883ce2720e9c172,
        type: 3}
      propertyPath: m_LocalScale.x
      value: 9.167367
      objectReference: {fileID: 0}
    - target: {fileID: 3191666308778689513, guid: 39b1979f11f6b7d4a883ce2720e9c172,
        type: 3}
      propertyPath: m_Name
      value: wall (1)
      objectReference: {fileID: 0}
    m_RemovedComponents: []
  m_SourcePrefab: {fileID: 100100000, guid: 39b1979f11f6b7d4a883ce2720e9c172, type: 3}
--- !u!4 &1725274479 stripped
Transform:
  m_CorrespondingSourceObject: {fileID: 3191666308778401737, guid: 39b1979f11f6b7d4a883ce2720e9c172,
    type: 3}
  m_PrefabInstance: {fileID: 1725274478}
  m_PrefabAsset: {fileID: 0}
--- !u!1001 &1787728870
PrefabInstance:
  m_ObjectHideFlags: 0
  serializedVersion: 2
  m_Modification:
    m_TransformParent: {fileID: 367451541}
    m_Modifications:
    - target: {fileID: 3191666308778401737, guid: 39b1979f11f6b7d4a883ce2720e9c172,
        type: 3}
      propertyPath: m_LocalPosition.x
      value: 4.156
      objectReference: {fileID: 0}
    - target: {fileID: 3191666308778401737, guid: 39b1979f11f6b7d4a883ce2720e9c172,
        type: 3}
      propertyPath: m_LocalPosition.y
      value: 1.8299999
      objectReference: {fileID: 0}
    - target: {fileID: 3191666308778401737, guid: 39b1979f11f6b7d4a883ce2720e9c172,
        type: 3}
      propertyPath: m_LocalPosition.z
      value: -2.1
      objectReference: {fileID: 0}
    - target: {fileID: 3191666308778401737, guid: 39b1979f11f6b7d4a883ce2720e9c172,
        type: 3}
      propertyPath: m_LocalRotation.x
      value: 0
      objectReference: {fileID: 0}
    - target: {fileID: 3191666308778401737, guid: 39b1979f11f6b7d4a883ce2720e9c172,
        type: 3}
      propertyPath: m_LocalRotation.y
      value: 0
      objectReference: {fileID: 0}
    - target: {fileID: 3191666308778401737, guid: 39b1979f11f6b7d4a883ce2720e9c172,
        type: 3}
      propertyPath: m_LocalRotation.z
      value: 0
      objectReference: {fileID: 0}
    - target: {fileID: 3191666308778401737, guid: 39b1979f11f6b7d4a883ce2720e9c172,
        type: 3}
      propertyPath: m_LocalRotation.w
      value: 1
      objectReference: {fileID: 0}
    - target: {fileID: 3191666308778401737, guid: 39b1979f11f6b7d4a883ce2720e9c172,
        type: 3}
      propertyPath: m_RootOrder
      value: 23
      objectReference: {fileID: 0}
    - target: {fileID: 3191666308778401737, guid: 39b1979f11f6b7d4a883ce2720e9c172,
        type: 3}
      propertyPath: m_LocalEulerAnglesHint.x
      value: 0
      objectReference: {fileID: 0}
    - target: {fileID: 3191666308778401737, guid: 39b1979f11f6b7d4a883ce2720e9c172,
        type: 3}
      propertyPath: m_LocalEulerAnglesHint.y
      value: 0
      objectReference: {fileID: 0}
    - target: {fileID: 3191666308778401737, guid: 39b1979f11f6b7d4a883ce2720e9c172,
        type: 3}
      propertyPath: m_LocalEulerAnglesHint.z
      value: 0
      objectReference: {fileID: 0}
    - target: {fileID: 3191666308778401737, guid: 39b1979f11f6b7d4a883ce2720e9c172,
        type: 3}
      propertyPath: m_LocalScale.x
      value: 11.482159
      objectReference: {fileID: 0}
    - target: {fileID: 3191666308778689513, guid: 39b1979f11f6b7d4a883ce2720e9c172,
        type: 3}
      propertyPath: m_Name
      value: wall (9)
      objectReference: {fileID: 0}
    - target: {fileID: 3191666308780694825, guid: 39b1979f11f6b7d4a883ce2720e9c172,
        type: 3}
      propertyPath: m_Enabled
      value: 0
      objectReference: {fileID: 0}
    m_RemovedComponents: []
  m_SourcePrefab: {fileID: 100100000, guid: 39b1979f11f6b7d4a883ce2720e9c172, type: 3}
--- !u!1 &1792378344
GameObject:
  m_ObjectHideFlags: 0
  m_CorrespondingSourceObject: {fileID: 0}
  m_PrefabInstance: {fileID: 0}
  m_PrefabAsset: {fileID: 0}
  serializedVersion: 6
  m_Component:
  - component: {fileID: 1792378345}
  m_Layer: 0
  m_Name: Enemies
  m_TagString: Untagged
  m_Icon: {fileID: 0}
  m_NavMeshLayer: 0
  m_StaticEditorFlags: 0
  m_IsActive: 1
--- !u!4 &1792378345
Transform:
  m_ObjectHideFlags: 0
  m_CorrespondingSourceObject: {fileID: 0}
  m_PrefabInstance: {fileID: 0}
  m_PrefabAsset: {fileID: 0}
  m_GameObject: {fileID: 1792378344}
  m_LocalRotation: {x: 0, y: 0, z: 0, w: 1}
  m_LocalPosition: {x: 4.21, y: 0, z: 24.96}
  m_LocalScale: {x: 1, y: 1, z: 1}
  m_Children:
  - {fileID: 2382962848794733914}
  m_Father: {fileID: 331188425}
  m_RootOrder: 1
  m_LocalEulerAnglesHint: {x: 0, y: 0, z: 0}
--- !u!1001 &1834526105
PrefabInstance:
  m_ObjectHideFlags: 0
  serializedVersion: 2
  m_Modification:
    m_TransformParent: {fileID: 367451541}
    m_Modifications:
    - target: {fileID: 3191666308778401737, guid: 39b1979f11f6b7d4a883ce2720e9c172,
        type: 3}
      propertyPath: m_LocalPosition.x
      value: 2.23
      objectReference: {fileID: 0}
    - target: {fileID: 3191666308778401737, guid: 39b1979f11f6b7d4a883ce2720e9c172,
        type: 3}
      propertyPath: m_LocalPosition.y
      value: 1.8299999
      objectReference: {fileID: 0}
    - target: {fileID: 3191666308778401737, guid: 39b1979f11f6b7d4a883ce2720e9c172,
        type: 3}
      propertyPath: m_LocalPosition.z
      value: 27.878
      objectReference: {fileID: 0}
    - target: {fileID: 3191666308778401737, guid: 39b1979f11f6b7d4a883ce2720e9c172,
        type: 3}
      propertyPath: m_LocalRotation.x
      value: -0
      objectReference: {fileID: 0}
    - target: {fileID: 3191666308778401737, guid: 39b1979f11f6b7d4a883ce2720e9c172,
        type: 3}
      propertyPath: m_LocalRotation.y
      value: 0.7071068
      objectReference: {fileID: 0}
    - target: {fileID: 3191666308778401737, guid: 39b1979f11f6b7d4a883ce2720e9c172,
        type: 3}
      propertyPath: m_LocalRotation.z
      value: -0
      objectReference: {fileID: 0}
    - target: {fileID: 3191666308778401737, guid: 39b1979f11f6b7d4a883ce2720e9c172,
        type: 3}
      propertyPath: m_LocalRotation.w
      value: 0.7071068
      objectReference: {fileID: 0}
    - target: {fileID: 3191666308778401737, guid: 39b1979f11f6b7d4a883ce2720e9c172,
        type: 3}
      propertyPath: m_RootOrder
      value: 14
      objectReference: {fileID: 0}
    - target: {fileID: 3191666308778401737, guid: 39b1979f11f6b7d4a883ce2720e9c172,
        type: 3}
      propertyPath: m_LocalEulerAnglesHint.x
      value: 0
      objectReference: {fileID: 0}
    - target: {fileID: 3191666308778401737, guid: 39b1979f11f6b7d4a883ce2720e9c172,
        type: 3}
      propertyPath: m_LocalEulerAnglesHint.y
      value: 90
      objectReference: {fileID: 0}
    - target: {fileID: 3191666308778401737, guid: 39b1979f11f6b7d4a883ce2720e9c172,
        type: 3}
      propertyPath: m_LocalEulerAnglesHint.z
      value: 0
      objectReference: {fileID: 0}
    - target: {fileID: 3191666308778401737, guid: 39b1979f11f6b7d4a883ce2720e9c172,
        type: 3}
      propertyPath: m_LocalScale.x
      value: 13.491996
      objectReference: {fileID: 0}
    - target: {fileID: 3191666308778689513, guid: 39b1979f11f6b7d4a883ce2720e9c172,
        type: 3}
      propertyPath: m_Name
      value: wall (4)
      objectReference: {fileID: 0}
    m_RemovedComponents: []
  m_SourcePrefab: {fileID: 100100000, guid: 39b1979f11f6b7d4a883ce2720e9c172, type: 3}
--- !u!4 &1834526106 stripped
Transform:
  m_CorrespondingSourceObject: {fileID: 3191666308778401737, guid: 39b1979f11f6b7d4a883ce2720e9c172,
    type: 3}
  m_PrefabInstance: {fileID: 1834526105}
  m_PrefabAsset: {fileID: 0}
--- !u!1001 &1851075497
PrefabInstance:
  m_ObjectHideFlags: 0
  serializedVersion: 2
  m_Modification:
    m_TransformParent: {fileID: 367451541}
    m_Modifications:
    - target: {fileID: 918040209209807491, guid: 34598d7c322f3b24883d500f9db65c69,
        type: 3}
      propertyPath: m_LocalPosition.x
      value: 13.459999
      objectReference: {fileID: 0}
    - target: {fileID: 918040209209807491, guid: 34598d7c322f3b24883d500f9db65c69,
        type: 3}
      propertyPath: m_LocalPosition.y
      value: 2.177
      objectReference: {fileID: 0}
    - target: {fileID: 918040209209807491, guid: 34598d7c322f3b24883d500f9db65c69,
        type: 3}
      propertyPath: m_LocalPosition.z
      value: 10.639999
      objectReference: {fileID: 0}
    - target: {fileID: 918040209209807491, guid: 34598d7c322f3b24883d500f9db65c69,
        type: 3}
      propertyPath: m_LocalRotation.x
      value: -0
      objectReference: {fileID: 0}
    - target: {fileID: 918040209209807491, guid: 34598d7c322f3b24883d500f9db65c69,
        type: 3}
      propertyPath: m_LocalRotation.y
      value: 0.7071068
      objectReference: {fileID: 0}
    - target: {fileID: 918040209209807491, guid: 34598d7c322f3b24883d500f9db65c69,
        type: 3}
      propertyPath: m_LocalRotation.z
      value: -0
      objectReference: {fileID: 0}
    - target: {fileID: 918040209209807491, guid: 34598d7c322f3b24883d500f9db65c69,
        type: 3}
      propertyPath: m_LocalRotation.w
      value: 0.7071068
      objectReference: {fileID: 0}
    - target: {fileID: 918040209209807491, guid: 34598d7c322f3b24883d500f9db65c69,
        type: 3}
      propertyPath: m_RootOrder
      value: 13
      objectReference: {fileID: 0}
    - target: {fileID: 918040209209807491, guid: 34598d7c322f3b24883d500f9db65c69,
        type: 3}
      propertyPath: m_LocalEulerAnglesHint.x
      value: 0
      objectReference: {fileID: 0}
    - target: {fileID: 918040209209807491, guid: 34598d7c322f3b24883d500f9db65c69,
        type: 3}
      propertyPath: m_LocalEulerAnglesHint.y
      value: 90
      objectReference: {fileID: 0}
    - target: {fileID: 918040209209807491, guid: 34598d7c322f3b24883d500f9db65c69,
        type: 3}
      propertyPath: m_LocalEulerAnglesHint.z
      value: 0
      objectReference: {fileID: 0}
    - target: {fileID: 918040209210101411, guid: 34598d7c322f3b24883d500f9db65c69,
        type: 3}
      propertyPath: m_Name
      value: wall with a window (1)
      objectReference: {fileID: 0}
    m_RemovedComponents: []
  m_SourcePrefab: {fileID: 100100000, guid: 34598d7c322f3b24883d500f9db65c69, type: 3}
--- !u!4 &1851075498 stripped
Transform:
  m_CorrespondingSourceObject: {fileID: 918040209209807491, guid: 34598d7c322f3b24883d500f9db65c69,
    type: 3}
  m_PrefabInstance: {fileID: 1851075497}
  m_PrefabAsset: {fileID: 0}
--- !u!4 &1884739096 stripped
Transform:
  m_CorrespondingSourceObject: {fileID: 8210677805545585688, guid: 1ee167dda38ef0e4d9e3183c5c91f04a,
    type: 3}
  m_PrefabInstance: {fileID: 8210677805280438784}
  m_PrefabAsset: {fileID: 0}
--- !u!1001 &1957867826
PrefabInstance:
  m_ObjectHideFlags: 0
  serializedVersion: 2
  m_Modification:
    m_TransformParent: {fileID: 367451541}
    m_Modifications:
    - target: {fileID: 3191666308778401737, guid: 39b1979f11f6b7d4a883ce2720e9c172,
        type: 3}
      propertyPath: m_LocalPosition.x
      value: 13.48
      objectReference: {fileID: 0}
    - target: {fileID: 3191666308778401737, guid: 39b1979f11f6b7d4a883ce2720e9c172,
        type: 3}
      propertyPath: m_LocalPosition.y
      value: 1.8299999
      objectReference: {fileID: 0}
    - target: {fileID: 3191666308778401737, guid: 39b1979f11f6b7d4a883ce2720e9c172,
        type: 3}
      propertyPath: m_LocalPosition.z
      value: 17.508999
      objectReference: {fileID: 0}
    - target: {fileID: 3191666308778401737, guid: 39b1979f11f6b7d4a883ce2720e9c172,
        type: 3}
      propertyPath: m_LocalRotation.x
      value: -0
      objectReference: {fileID: 0}
    - target: {fileID: 3191666308778401737, guid: 39b1979f11f6b7d4a883ce2720e9c172,
        type: 3}
      propertyPath: m_LocalRotation.y
      value: 0.7071068
      objectReference: {fileID: 0}
    - target: {fileID: 3191666308778401737, guid: 39b1979f11f6b7d4a883ce2720e9c172,
        type: 3}
      propertyPath: m_LocalRotation.z
      value: -0
      objectReference: {fileID: 0}
    - target: {fileID: 3191666308778401737, guid: 39b1979f11f6b7d4a883ce2720e9c172,
        type: 3}
      propertyPath: m_LocalRotation.w
      value: 0.7071068
      objectReference: {fileID: 0}
    - target: {fileID: 3191666308778401737, guid: 39b1979f11f6b7d4a883ce2720e9c172,
        type: 3}
      propertyPath: m_RootOrder
      value: 15
      objectReference: {fileID: 0}
    - target: {fileID: 3191666308778401737, guid: 39b1979f11f6b7d4a883ce2720e9c172,
        type: 3}
      propertyPath: m_LocalEulerAnglesHint.x
      value: 0
      objectReference: {fileID: 0}
    - target: {fileID: 3191666308778401737, guid: 39b1979f11f6b7d4a883ce2720e9c172,
        type: 3}
      propertyPath: m_LocalEulerAnglesHint.y
      value: 90
      objectReference: {fileID: 0}
    - target: {fileID: 3191666308778401737, guid: 39b1979f11f6b7d4a883ce2720e9c172,
        type: 3}
      propertyPath: m_LocalEulerAnglesHint.z
      value: 0
      objectReference: {fileID: 0}
    - target: {fileID: 3191666308778401737, guid: 39b1979f11f6b7d4a883ce2720e9c172,
        type: 3}
      propertyPath: m_LocalScale.x
      value: 20.039967
      objectReference: {fileID: 0}
    - target: {fileID: 3191666308778689513, guid: 39b1979f11f6b7d4a883ce2720e9c172,
        type: 3}
      propertyPath: m_Name
      value: wall (5)
      objectReference: {fileID: 0}
    m_RemovedComponents: []
  m_SourcePrefab: {fileID: 100100000, guid: 39b1979f11f6b7d4a883ce2720e9c172, type: 3}
--- !u!4 &1957867827 stripped
Transform:
  m_CorrespondingSourceObject: {fileID: 3191666308778401737, guid: 39b1979f11f6b7d4a883ce2720e9c172,
    type: 3}
  m_PrefabInstance: {fileID: 1957867826}
  m_PrefabAsset: {fileID: 0}
--- !u!4 &2050303457 stripped
Transform:
  m_CorrespondingSourceObject: {fileID: 3684761670601511355, guid: 71a8999a39be29148934791541854082,
    type: 3}
  m_PrefabInstance: {fileID: 1587024185}
  m_PrefabAsset: {fileID: 0}
--- !u!1001 &2082705545
PrefabInstance:
  m_ObjectHideFlags: 0
  serializedVersion: 2
  m_Modification:
    m_TransformParent: {fileID: 367451541}
    m_Modifications:
    - target: {fileID: 3179402525699313396, guid: 0388f6b2a1a02fb4284964f2cad7f577,
        type: 3}
      propertyPath: m_Name
      value: door (2)
      objectReference: {fileID: 0}
    - target: {fileID: 3179402525699609300, guid: 0388f6b2a1a02fb4284964f2cad7f577,
        type: 3}
      propertyPath: m_LocalPosition.x
      value: 2.19
      objectReference: {fileID: 0}
    - target: {fileID: 3179402525699609300, guid: 0388f6b2a1a02fb4284964f2cad7f577,
        type: 3}
      propertyPath: m_LocalPosition.y
      value: 0.05000019
      objectReference: {fileID: 0}
    - target: {fileID: 3179402525699609300, guid: 0388f6b2a1a02fb4284964f2cad7f577,
        type: 3}
      propertyPath: m_LocalPosition.z
      value: 11.19
      objectReference: {fileID: 0}
    - target: {fileID: 3179402525699609300, guid: 0388f6b2a1a02fb4284964f2cad7f577,
        type: 3}
      propertyPath: m_LocalRotation.x
      value: -0
      objectReference: {fileID: 0}
    - target: {fileID: 3179402525699609300, guid: 0388f6b2a1a02fb4284964f2cad7f577,
        type: 3}
      propertyPath: m_LocalRotation.y
      value: 0.7071068
      objectReference: {fileID: 0}
    - target: {fileID: 3179402525699609300, guid: 0388f6b2a1a02fb4284964f2cad7f577,
        type: 3}
      propertyPath: m_LocalRotation.z
      value: -0
      objectReference: {fileID: 0}
    - target: {fileID: 3179402525699609300, guid: 0388f6b2a1a02fb4284964f2cad7f577,
        type: 3}
      propertyPath: m_LocalRotation.w
      value: 0.7071068
      objectReference: {fileID: 0}
    - target: {fileID: 3179402525699609300, guid: 0388f6b2a1a02fb4284964f2cad7f577,
        type: 3}
      propertyPath: m_RootOrder
      value: 18
      objectReference: {fileID: 0}
    - target: {fileID: 3179402525699609300, guid: 0388f6b2a1a02fb4284964f2cad7f577,
        type: 3}
      propertyPath: m_LocalEulerAnglesHint.x
      value: 0
      objectReference: {fileID: 0}
    - target: {fileID: 3179402525699609300, guid: 0388f6b2a1a02fb4284964f2cad7f577,
        type: 3}
      propertyPath: m_LocalEulerAnglesHint.y
      value: 90
      objectReference: {fileID: 0}
    - target: {fileID: 3179402525699609300, guid: 0388f6b2a1a02fb4284964f2cad7f577,
        type: 3}
      propertyPath: m_LocalEulerAnglesHint.z
      value: 0
      objectReference: {fileID: 0}
    m_RemovedComponents: []
  m_SourcePrefab: {fileID: 100100000, guid: 0388f6b2a1a02fb4284964f2cad7f577, type: 3}
--- !u!4 &2082705546 stripped
Transform:
  m_CorrespondingSourceObject: {fileID: 3179402525699609300, guid: 0388f6b2a1a02fb4284964f2cad7f577,
    type: 3}
  m_PrefabInstance: {fileID: 2082705545}
  m_PrefabAsset: {fileID: 0}
--- !u!1001 &266716574724644714
PrefabInstance:
  m_ObjectHideFlags: 0
  serializedVersion: 2
  m_Modification:
    m_TransformParent: {fileID: 367451541}
    m_Modifications:
    - target: {fileID: 266716574026593417, guid: 6a7265d277687794cb2c41353511b5c3,
        type: 3}
      propertyPath: m_Name
      value: finished table
      objectReference: {fileID: 0}
    - target: {fileID: 266716574027081897, guid: 6a7265d277687794cb2c41353511b5c3,
        type: 3}
      propertyPath: m_LocalPosition.x
      value: 12.21
      objectReference: {fileID: 0}
    - target: {fileID: 266716574027081897, guid: 6a7265d277687794cb2c41353511b5c3,
        type: 3}
      propertyPath: m_LocalPosition.y
      value: 0.89000034
      objectReference: {fileID: 0}
    - target: {fileID: 266716574027081897, guid: 6a7265d277687794cb2c41353511b5c3,
        type: 3}
      propertyPath: m_LocalPosition.z
      value: 17.7
      objectReference: {fileID: 0}
    - target: {fileID: 266716574027081897, guid: 6a7265d277687794cb2c41353511b5c3,
        type: 3}
      propertyPath: m_LocalRotation.x
      value: -0
      objectReference: {fileID: 0}
    - target: {fileID: 266716574027081897, guid: 6a7265d277687794cb2c41353511b5c3,
        type: 3}
      propertyPath: m_LocalRotation.y
      value: -0.7071068
      objectReference: {fileID: 0}
    - target: {fileID: 266716574027081897, guid: 6a7265d277687794cb2c41353511b5c3,
        type: 3}
      propertyPath: m_LocalRotation.z
      value: -0
      objectReference: {fileID: 0}
    - target: {fileID: 266716574027081897, guid: 6a7265d277687794cb2c41353511b5c3,
        type: 3}
      propertyPath: m_LocalRotation.w
      value: 0.7071068
      objectReference: {fileID: 0}
    - target: {fileID: 266716574027081897, guid: 6a7265d277687794cb2c41353511b5c3,
        type: 3}
      propertyPath: m_RootOrder
      value: 2
      objectReference: {fileID: 0}
    - target: {fileID: 266716574027081897, guid: 6a7265d277687794cb2c41353511b5c3,
        type: 3}
      propertyPath: m_LocalEulerAnglesHint.x
      value: 0
      objectReference: {fileID: 0}
    - target: {fileID: 266716574027081897, guid: 6a7265d277687794cb2c41353511b5c3,
        type: 3}
      propertyPath: m_LocalEulerAnglesHint.y
      value: -90
      objectReference: {fileID: 0}
    - target: {fileID: 266716574027081897, guid: 6a7265d277687794cb2c41353511b5c3,
        type: 3}
      propertyPath: m_LocalEulerAnglesHint.z
      value: 0
      objectReference: {fileID: 0}
    m_RemovedComponents: []
  m_SourcePrefab: {fileID: 100100000, guid: 6a7265d277687794cb2c41353511b5c3, type: 3}
--- !u!1001 &677576209359937881
PrefabInstance:
  m_ObjectHideFlags: 0
  serializedVersion: 2
  m_Modification:
    m_TransformParent: {fileID: 1792378345}
    m_Modifications:
    - target: {fileID: 2915737629766667267, guid: 763efb1a8ce5c5940a2d413c272a9993,
        type: 3}
      propertyPath: m_LocalPosition.x
      value: 0.28
      objectReference: {fileID: 0}
    - target: {fileID: 2915737629766667267, guid: 763efb1a8ce5c5940a2d413c272a9993,
        type: 3}
      propertyPath: m_LocalPosition.y
      value: 0
      objectReference: {fileID: 0}
    - target: {fileID: 2915737629766667267, guid: 763efb1a8ce5c5940a2d413c272a9993,
        type: 3}
      propertyPath: m_LocalPosition.z
      value: -5.85
      objectReference: {fileID: 0}
    - target: {fileID: 2915737629766667267, guid: 763efb1a8ce5c5940a2d413c272a9993,
        type: 3}
      propertyPath: m_LocalRotation.x
      value: 0
      objectReference: {fileID: 0}
    - target: {fileID: 2915737629766667267, guid: 763efb1a8ce5c5940a2d413c272a9993,
        type: 3}
      propertyPath: m_LocalRotation.y
      value: 0.7071068
      objectReference: {fileID: 0}
    - target: {fileID: 2915737629766667267, guid: 763efb1a8ce5c5940a2d413c272a9993,
        type: 3}
      propertyPath: m_LocalRotation.z
      value: 0
      objectReference: {fileID: 0}
    - target: {fileID: 2915737629766667267, guid: 763efb1a8ce5c5940a2d413c272a9993,
        type: 3}
      propertyPath: m_LocalRotation.w
      value: 0.7071068
      objectReference: {fileID: 0}
    - target: {fileID: 2915737629766667267, guid: 763efb1a8ce5c5940a2d413c272a9993,
        type: 3}
      propertyPath: m_RootOrder
      value: 0
      objectReference: {fileID: 0}
    - target: {fileID: 2915737629766667267, guid: 763efb1a8ce5c5940a2d413c272a9993,
        type: 3}
      propertyPath: m_LocalEulerAnglesHint.x
      value: 0
      objectReference: {fileID: 0}
    - target: {fileID: 2915737629766667267, guid: 763efb1a8ce5c5940a2d413c272a9993,
        type: 3}
      propertyPath: m_LocalEulerAnglesHint.y
      value: 90
      objectReference: {fileID: 0}
    - target: {fileID: 2915737629766667267, guid: 763efb1a8ce5c5940a2d413c272a9993,
        type: 3}
      propertyPath: m_LocalEulerAnglesHint.z
      value: 0
      objectReference: {fileID: 0}
    - target: {fileID: 2915737629766667268, guid: 763efb1a8ce5c5940a2d413c272a9993,
        type: 3}
      propertyPath: m_Name
      value: EnemyAI 1
      objectReference: {fileID: 0}
    m_RemovedComponents: []
  m_SourcePrefab: {fileID: 100100000, guid: 763efb1a8ce5c5940a2d413c272a9993, type: 3}
--- !u!1001 &1175404180487143729
PrefabInstance:
  m_ObjectHideFlags: 0
  serializedVersion: 2
  m_Modification:
    m_TransformParent: {fileID: 367451541}
    m_Modifications:
    - target: {fileID: 3191666308778401737, guid: 39b1979f11f6b7d4a883ce2720e9c172,
        type: 3}
      propertyPath: m_LocalPosition.x
      value: 3.621
      objectReference: {fileID: 0}
    - target: {fileID: 3191666308778401737, guid: 39b1979f11f6b7d4a883ce2720e9c172,
        type: 3}
      propertyPath: m_LocalPosition.y
      value: 1.8299999
      objectReference: {fileID: 0}
    - target: {fileID: 3191666308778401737, guid: 39b1979f11f6b7d4a883ce2720e9c172,
        type: 3}
      propertyPath: m_LocalPosition.z
      value: 30.099998
      objectReference: {fileID: 0}
    - target: {fileID: 3191666308778401737, guid: 39b1979f11f6b7d4a883ce2720e9c172,
        type: 3}
      propertyPath: m_LocalRotation.x
      value: -0
      objectReference: {fileID: 0}
    - target: {fileID: 3191666308778401737, guid: 39b1979f11f6b7d4a883ce2720e9c172,
        type: 3}
      propertyPath: m_LocalRotation.y
      value: -0
      objectReference: {fileID: 0}
    - target: {fileID: 3191666308778401737, guid: 39b1979f11f6b7d4a883ce2720e9c172,
        type: 3}
      propertyPath: m_LocalRotation.z
      value: -0
      objectReference: {fileID: 0}
    - target: {fileID: 3191666308778401737, guid: 39b1979f11f6b7d4a883ce2720e9c172,
        type: 3}
      propertyPath: m_LocalRotation.w
      value: 1
      objectReference: {fileID: 0}
    - target: {fileID: 3191666308778401737, guid: 39b1979f11f6b7d4a883ce2720e9c172,
        type: 3}
      propertyPath: m_RootOrder
      value: 6
      objectReference: {fileID: 0}
    - target: {fileID: 3191666308778401737, guid: 39b1979f11f6b7d4a883ce2720e9c172,
        type: 3}
      propertyPath: m_LocalEulerAnglesHint.x
      value: 0
      objectReference: {fileID: 0}
    - target: {fileID: 3191666308778401737, guid: 39b1979f11f6b7d4a883ce2720e9c172,
        type: 3}
      propertyPath: m_LocalEulerAnglesHint.y
      value: 0
      objectReference: {fileID: 0}
    - target: {fileID: 3191666308778401737, guid: 39b1979f11f6b7d4a883ce2720e9c172,
        type: 3}
      propertyPath: m_LocalEulerAnglesHint.z
      value: 0
      objectReference: {fileID: 0}
    - target: {fileID: 3191666308778689513, guid: 39b1979f11f6b7d4a883ce2720e9c172,
        type: 3}
      propertyPath: m_Name
      value: wall
      objectReference: {fileID: 0}
    m_RemovedComponents: []
  m_SourcePrefab: {fileID: 100100000, guid: 39b1979f11f6b7d4a883ce2720e9c172, type: 3}
--- !u!1001 &1834155970966359926
PrefabInstance:
  m_ObjectHideFlags: 0
  serializedVersion: 2
  m_Modification:
    m_TransformParent: {fileID: 367451541}
    m_Modifications:
    - target: {fileID: 3179402525699313396, guid: 0388f6b2a1a02fb4284964f2cad7f577,
        type: 3}
      propertyPath: m_Name
      value: door
      objectReference: {fileID: 0}
    - target: {fileID: 3179402525699609300, guid: 0388f6b2a1a02fb4284964f2cad7f577,
        type: 3}
      propertyPath: m_LocalPosition.x
      value: 13.419998
      objectReference: {fileID: 0}
    - target: {fileID: 3179402525699609300, guid: 0388f6b2a1a02fb4284964f2cad7f577,
        type: 3}
      propertyPath: m_LocalPosition.y
      value: 0.05000019
      objectReference: {fileID: 0}
    - target: {fileID: 3179402525699609300, guid: 0388f6b2a1a02fb4284964f2cad7f577,
        type: 3}
      propertyPath: m_LocalPosition.z
      value: 22.18
      objectReference: {fileID: 0}
    - target: {fileID: 3179402525699609300, guid: 0388f6b2a1a02fb4284964f2cad7f577,
        type: 3}
      propertyPath: m_LocalRotation.x
      value: -0
      objectReference: {fileID: 0}
    - target: {fileID: 3179402525699609300, guid: 0388f6b2a1a02fb4284964f2cad7f577,
        type: 3}
      propertyPath: m_LocalRotation.y
      value: 0.7071068
      objectReference: {fileID: 0}
    - target: {fileID: 3179402525699609300, guid: 0388f6b2a1a02fb4284964f2cad7f577,
        type: 3}
      propertyPath: m_LocalRotation.z
      value: -0
      objectReference: {fileID: 0}
    - target: {fileID: 3179402525699609300, guid: 0388f6b2a1a02fb4284964f2cad7f577,
        type: 3}
      propertyPath: m_LocalRotation.w
      value: 0.7071068
      objectReference: {fileID: 0}
    - target: {fileID: 3179402525699609300, guid: 0388f6b2a1a02fb4284964f2cad7f577,
        type: 3}
      propertyPath: m_RootOrder
      value: 8
      objectReference: {fileID: 0}
    - target: {fileID: 3179402525699609300, guid: 0388f6b2a1a02fb4284964f2cad7f577,
        type: 3}
      propertyPath: m_LocalEulerAnglesHint.x
      value: 0
      objectReference: {fileID: 0}
    - target: {fileID: 3179402525699609300, guid: 0388f6b2a1a02fb4284964f2cad7f577,
        type: 3}
      propertyPath: m_LocalEulerAnglesHint.y
      value: 90
      objectReference: {fileID: 0}
    - target: {fileID: 3179402525699609300, guid: 0388f6b2a1a02fb4284964f2cad7f577,
        type: 3}
      propertyPath: m_LocalEulerAnglesHint.z
      value: 0
      objectReference: {fileID: 0}
    m_RemovedComponents: []
  m_SourcePrefab: {fileID: 100100000, guid: 0388f6b2a1a02fb4284964f2cad7f577, type: 3}
--- !u!4 &2382962848794733914 stripped
Transform:
  m_CorrespondingSourceObject: {fileID: 2915737629766667267, guid: 763efb1a8ce5c5940a2d413c272a9993,
    type: 3}
  m_PrefabInstance: {fileID: 677576209359937881}
  m_PrefabAsset: {fileID: 0}
--- !u!1001 &3517340800475522381
PrefabInstance:
  m_ObjectHideFlags: 0
  serializedVersion: 2
  m_Modification:
    m_TransformParent: {fileID: 331188425}
    m_Modifications:
    - target: {fileID: 259175195420624248, guid: 295e89057b7224546b224855d4eeb2e6,
        type: 3}
      propertyPath: m_LocalPosition.x
      value: 7.5395
      objectReference: {fileID: 0}
    - target: {fileID: 259175195420624248, guid: 295e89057b7224546b224855d4eeb2e6,
        type: 3}
      propertyPath: m_LocalPosition.y
      value: -0.90735
      objectReference: {fileID: 0}
    - target: {fileID: 259175195420624248, guid: 295e89057b7224546b224855d4eeb2e6,
        type: 3}
      propertyPath: m_LocalPosition.z
      value: 42.337
      objectReference: {fileID: 0}
    - target: {fileID: 259175195420624248, guid: 295e89057b7224546b224855d4eeb2e6,
        type: 3}
      propertyPath: m_LocalRotation.x
      value: -0
      objectReference: {fileID: 0}
    - target: {fileID: 259175195420624248, guid: 295e89057b7224546b224855d4eeb2e6,
        type: 3}
      propertyPath: m_LocalRotation.y
      value: -0.0000013411044
      objectReference: {fileID: 0}
    - target: {fileID: 259175195420624248, guid: 295e89057b7224546b224855d4eeb2e6,
        type: 3}
      propertyPath: m_LocalRotation.z
      value: -0
      objectReference: {fileID: 0}
    - target: {fileID: 259175195420624248, guid: 295e89057b7224546b224855d4eeb2e6,
        type: 3}
      propertyPath: m_LocalRotation.w
      value: 1
      objectReference: {fileID: 0}
    - target: {fileID: 259175195420624248, guid: 295e89057b7224546b224855d4eeb2e6,
        type: 3}
      propertyPath: m_RootOrder
      value: 2
      objectReference: {fileID: 0}
    - target: {fileID: 259175195420624248, guid: 295e89057b7224546b224855d4eeb2e6,
        type: 3}
      propertyPath: m_LocalEulerAnglesHint.x
      value: 0
      objectReference: {fileID: 0}
    - target: {fileID: 259175195420624248, guid: 295e89057b7224546b224855d4eeb2e6,
        type: 3}
      propertyPath: m_LocalEulerAnglesHint.y
      value: 0
      objectReference: {fileID: 0}
    - target: {fileID: 259175195420624248, guid: 295e89057b7224546b224855d4eeb2e6,
        type: 3}
      propertyPath: m_LocalEulerAnglesHint.z
      value: 0
      objectReference: {fileID: 0}
    - target: {fileID: 8166517771916501008, guid: 295e89057b7224546b224855d4eeb2e6,
        type: 3}
      propertyPath: m_Name
      value: Elevator
      objectReference: {fileID: 0}
    m_RemovedComponents: []
  m_SourcePrefab: {fileID: 100100000, guid: 295e89057b7224546b224855d4eeb2e6, type: 3}
--- !u!4 &3662502949713160212 stripped
Transform:
  m_CorrespondingSourceObject: {fileID: 918040209209807491, guid: 34598d7c322f3b24883d500f9db65c69,
    type: 3}
  m_PrefabInstance: {fileID: 4498633905989024407}
  m_PrefabAsset: {fileID: 0}
--- !u!1001 &3684761668956418064
PrefabInstance:
  m_ObjectHideFlags: 0
  serializedVersion: 2
  m_Modification:
    m_TransformParent: {fileID: 367451541}
    m_Modifications:
    - target: {fileID: 3684761670601280923, guid: 71a8999a39be29148934791541854082,
        type: 3}
      propertyPath: m_Name
      value: bench_2
      objectReference: {fileID: 0}
    - target: {fileID: 3684761670601511355, guid: 71a8999a39be29148934791541854082,
        type: 3}
      propertyPath: m_LocalPosition.x
      value: 3.15
      objectReference: {fileID: 0}
    - target: {fileID: 3684761670601511355, guid: 71a8999a39be29148934791541854082,
        type: 3}
      propertyPath: m_LocalPosition.y
      value: 0.6300001
      objectReference: {fileID: 0}
    - target: {fileID: 3684761670601511355, guid: 71a8999a39be29148934791541854082,
        type: 3}
      propertyPath: m_LocalPosition.z
      value: 19.7
      objectReference: {fileID: 0}
    - target: {fileID: 3684761670601511355, guid: 71a8999a39be29148934791541854082,
        type: 3}
      propertyPath: m_LocalRotation.x
      value: -0
      objectReference: {fileID: 0}
    - target: {fileID: 3684761670601511355, guid: 71a8999a39be29148934791541854082,
        type: 3}
      propertyPath: m_LocalRotation.y
      value: 0.7071068
      objectReference: {fileID: 0}
    - target: {fileID: 3684761670601511355, guid: 71a8999a39be29148934791541854082,
        type: 3}
      propertyPath: m_LocalRotation.z
      value: -0
      objectReference: {fileID: 0}
    - target: {fileID: 3684761670601511355, guid: 71a8999a39be29148934791541854082,
        type: 3}
      propertyPath: m_LocalRotation.w
      value: 0.7071068
      objectReference: {fileID: 0}
    - target: {fileID: 3684761670601511355, guid: 71a8999a39be29148934791541854082,
        type: 3}
      propertyPath: m_RootOrder
      value: 3
      objectReference: {fileID: 0}
    - target: {fileID: 3684761670601511355, guid: 71a8999a39be29148934791541854082,
        type: 3}
      propertyPath: m_LocalEulerAnglesHint.x
      value: 0
      objectReference: {fileID: 0}
    - target: {fileID: 3684761670601511355, guid: 71a8999a39be29148934791541854082,
        type: 3}
      propertyPath: m_LocalEulerAnglesHint.y
      value: 90
      objectReference: {fileID: 0}
    - target: {fileID: 3684761670601511355, guid: 71a8999a39be29148934791541854082,
        type: 3}
      propertyPath: m_LocalEulerAnglesHint.z
      value: 0
      objectReference: {fileID: 0}
    m_RemovedComponents: []
  m_SourcePrefab: {fileID: 100100000, guid: 71a8999a39be29148934791541854082, type: 3}
--- !u!4 &3695446095887294517 stripped
Transform:
  m_CorrespondingSourceObject: {fileID: 259175195420624248, guid: 295e89057b7224546b224855d4eeb2e6,
    type: 3}
  m_PrefabInstance: {fileID: 3517340800475522381}
  m_PrefabAsset: {fileID: 0}
--- !u!4 &3849375791549947298 stripped
Transform:
  m_CorrespondingSourceObject: {fileID: 3179402525699609300, guid: 0388f6b2a1a02fb4284964f2cad7f577,
    type: 3}
  m_PrefabInstance: {fileID: 1834155970966359926}
  m_PrefabAsset: {fileID: 0}
--- !u!4 &4324806147046612728 stripped
Transform:
  m_CorrespondingSourceObject: {fileID: 3191666308778401737, guid: 39b1979f11f6b7d4a883ce2720e9c172,
    type: 3}
  m_PrefabInstance: {fileID: 1175404180487143729}
  m_PrefabAsset: {fileID: 0}
--- !u!1001 &4498633905989024407
PrefabInstance:
  m_ObjectHideFlags: 0
  serializedVersion: 2
  m_Modification:
    m_TransformParent: {fileID: 367451541}
    m_Modifications:
    - target: {fileID: 918040209209807491, guid: 34598d7c322f3b24883d500f9db65c69,
        type: 3}
      propertyPath: m_LocalPosition.x
      value: 13.459999
      objectReference: {fileID: 0}
    - target: {fileID: 918040209209807491, guid: 34598d7c322f3b24883d500f9db65c69,
        type: 3}
      propertyPath: m_LocalPosition.y
      value: 2.177
      objectReference: {fileID: 0}
    - target: {fileID: 918040209209807491, guid: 34598d7c322f3b24883d500f9db65c69,
        type: 3}
      propertyPath: m_LocalPosition.z
      value: 24.82
      objectReference: {fileID: 0}
    - target: {fileID: 918040209209807491, guid: 34598d7c322f3b24883d500f9db65c69,
        type: 3}
      propertyPath: m_LocalRotation.x
      value: -0
      objectReference: {fileID: 0}
    - target: {fileID: 918040209209807491, guid: 34598d7c322f3b24883d500f9db65c69,
        type: 3}
      propertyPath: m_LocalRotation.y
      value: 0.7071068
      objectReference: {fileID: 0}
    - target: {fileID: 918040209209807491, guid: 34598d7c322f3b24883d500f9db65c69,
        type: 3}
      propertyPath: m_LocalRotation.z
      value: -0
      objectReference: {fileID: 0}
    - target: {fileID: 918040209209807491, guid: 34598d7c322f3b24883d500f9db65c69,
        type: 3}
      propertyPath: m_LocalRotation.w
      value: 0.7071068
      objectReference: {fileID: 0}
    - target: {fileID: 918040209209807491, guid: 34598d7c322f3b24883d500f9db65c69,
        type: 3}
      propertyPath: m_RootOrder
      value: 5
      objectReference: {fileID: 0}
    - target: {fileID: 918040209209807491, guid: 34598d7c322f3b24883d500f9db65c69,
        type: 3}
      propertyPath: m_LocalEulerAnglesHint.x
      value: 0
      objectReference: {fileID: 0}
    - target: {fileID: 918040209209807491, guid: 34598d7c322f3b24883d500f9db65c69,
        type: 3}
      propertyPath: m_LocalEulerAnglesHint.y
      value: 90
      objectReference: {fileID: 0}
    - target: {fileID: 918040209209807491, guid: 34598d7c322f3b24883d500f9db65c69,
        type: 3}
      propertyPath: m_LocalEulerAnglesHint.z
      value: 0
      objectReference: {fileID: 0}
    - target: {fileID: 918040209210101411, guid: 34598d7c322f3b24883d500f9db65c69,
        type: 3}
      propertyPath: m_Name
      value: wall with a window
      objectReference: {fileID: 0}
    m_RemovedComponents: []
  m_SourcePrefab: {fileID: 100100000, guid: 34598d7c322f3b24883d500f9db65c69, type: 3}
--- !u!4 &5211821789242990763 stripped
Transform:
  m_CorrespondingSourceObject: {fileID: 508193267074567052, guid: 1c12d58bf049c9c48bcbd89fe87946c0,
    type: 3}
  m_PrefabInstance: {fileID: 5717719230665829159}
  m_PrefabAsset: {fileID: 0}
--- !u!1001 &5717719230665829159
PrefabInstance:
  m_ObjectHideFlags: 0
  serializedVersion: 2
  m_Modification:
    m_TransformParent: {fileID: 367451541}
    m_Modifications:
    - target: {fileID: 508193267074567052, guid: 1c12d58bf049c9c48bcbd89fe87946c0,
        type: 3}
      propertyPath: m_LocalPosition.x
      value: 2.27
      objectReference: {fileID: 0}
    - target: {fileID: 508193267074567052, guid: 1c12d58bf049c9c48bcbd89fe87946c0,
        type: 3}
      propertyPath: m_LocalPosition.y
      value: 0.042741776
      objectReference: {fileID: 0}
    - target: {fileID: 508193267074567052, guid: 1c12d58bf049c9c48bcbd89fe87946c0,
        type: 3}
      propertyPath: m_LocalPosition.z
      value: 23.779999
      objectReference: {fileID: 0}
    - target: {fileID: 508193267074567052, guid: 1c12d58bf049c9c48bcbd89fe87946c0,
        type: 3}
      propertyPath: m_LocalRotation.x
      value: -0
      objectReference: {fileID: 0}
    - target: {fileID: 508193267074567052, guid: 1c12d58bf049c9c48bcbd89fe87946c0,
        type: 3}
      propertyPath: m_LocalRotation.y
      value: 0.7071068
      objectReference: {fileID: 0}
    - target: {fileID: 508193267074567052, guid: 1c12d58bf049c9c48bcbd89fe87946c0,
        type: 3}
      propertyPath: m_LocalRotation.z
      value: -0
      objectReference: {fileID: 0}
    - target: {fileID: 508193267074567052, guid: 1c12d58bf049c9c48bcbd89fe87946c0,
        type: 3}
      propertyPath: m_LocalRotation.w
      value: 0.70710677
      objectReference: {fileID: 0}
    - target: {fileID: 508193267074567052, guid: 1c12d58bf049c9c48bcbd89fe87946c0,
        type: 3}
      propertyPath: m_RootOrder
      value: 7
      objectReference: {fileID: 0}
    - target: {fileID: 508193267074567052, guid: 1c12d58bf049c9c48bcbd89fe87946c0,
        type: 3}
      propertyPath: m_LocalEulerAnglesHint.x
      value: 0
      objectReference: {fileID: 0}
    - target: {fileID: 508193267074567052, guid: 1c12d58bf049c9c48bcbd89fe87946c0,
        type: 3}
      propertyPath: m_LocalEulerAnglesHint.y
      value: 90.00001
      objectReference: {fileID: 0}
    - target: {fileID: 508193267074567052, guid: 1c12d58bf049c9c48bcbd89fe87946c0,
        type: 3}
      propertyPath: m_LocalEulerAnglesHint.z
      value: 0
      objectReference: {fileID: 0}
    - target: {fileID: 508193267074865068, guid: 1c12d58bf049c9c48bcbd89fe87946c0,
        type: 3}
      propertyPath: m_Name
      value: front door
      objectReference: {fileID: 0}
    m_RemovedComponents: []
  m_SourcePrefab: {fileID: 100100000, guid: 1c12d58bf049c9c48bcbd89fe87946c0, type: 3}
--- !u!1001 &6371794107275014570
PrefabInstance:
  m_ObjectHideFlags: 0
  serializedVersion: 2
  m_Modification:
    m_TransformParent: {fileID: 367451541}
    m_Modifications:
    - target: {fileID: 6371794108101557181, guid: 3f28bc0c78bd9e84eb5968eae380e340,
        type: 3}
      propertyPath: m_Name
      value: medical trolley
      objectReference: {fileID: 0}
    - target: {fileID: 6371794108101846941, guid: 3f28bc0c78bd9e84eb5968eae380e340,
        type: 3}
      propertyPath: m_LocalPosition.x
      value: 12.54
      objectReference: {fileID: 0}
    - target: {fileID: 6371794108101846941, guid: 3f28bc0c78bd9e84eb5968eae380e340,
        type: 3}
      propertyPath: m_LocalPosition.y
      value: 1.2189713
      objectReference: {fileID: 0}
    - target: {fileID: 6371794108101846941, guid: 3f28bc0c78bd9e84eb5968eae380e340,
        type: 3}
      propertyPath: m_LocalPosition.z
      value: 27.83
      objectReference: {fileID: 0}
    - target: {fileID: 6371794108101846941, guid: 3f28bc0c78bd9e84eb5968eae380e340,
        type: 3}
      propertyPath: m_LocalRotation.x
      value: -0
      objectReference: {fileID: 0}
    - target: {fileID: 6371794108101846941, guid: 3f28bc0c78bd9e84eb5968eae380e340,
        type: 3}
      propertyPath: m_LocalRotation.y
      value: -0
      objectReference: {fileID: 0}
    - target: {fileID: 6371794108101846941, guid: 3f28bc0c78bd9e84eb5968eae380e340,
        type: 3}
      propertyPath: m_LocalRotation.z
      value: -0
      objectReference: {fileID: 0}
    - target: {fileID: 6371794108101846941, guid: 3f28bc0c78bd9e84eb5968eae380e340,
        type: 3}
      propertyPath: m_LocalRotation.w
      value: 1
      objectReference: {fileID: 0}
    - target: {fileID: 6371794108101846941, guid: 3f28bc0c78bd9e84eb5968eae380e340,
        type: 3}
      propertyPath: m_RootOrder
      value: 1
      objectReference: {fileID: 0}
    - target: {fileID: 6371794108101846941, guid: 3f28bc0c78bd9e84eb5968eae380e340,
        type: 3}
      propertyPath: m_LocalEulerAnglesHint.x
      value: 0
      objectReference: {fileID: 0}
    - target: {fileID: 6371794108101846941, guid: 3f28bc0c78bd9e84eb5968eae380e340,
        type: 3}
      propertyPath: m_LocalEulerAnglesHint.y
      value: 0
      objectReference: {fileID: 0}
    - target: {fileID: 6371794108101846941, guid: 3f28bc0c78bd9e84eb5968eae380e340,
        type: 3}
      propertyPath: m_LocalEulerAnglesHint.z
      value: 0
      objectReference: {fileID: 0}
    m_RemovedComponents: []
  m_SourcePrefab: {fileID: 100100000, guid: 3f28bc0c78bd9e84eb5968eae380e340, type: 3}
--- !u!1001 &8210677805280438784
PrefabInstance:
  m_ObjectHideFlags: 0
  serializedVersion: 2
  m_Modification:
    m_TransformParent: {fileID: 367451541}
    m_Modifications:
    - target: {fileID: 8210677805545585688, guid: 1ee167dda38ef0e4d9e3183c5c91f04a,
        type: 3}
      propertyPath: m_LocalPosition.x
      value: 12.894
      objectReference: {fileID: 0}
    - target: {fileID: 8210677805545585688, guid: 1ee167dda38ef0e4d9e3183c5c91f04a,
        type: 3}
      propertyPath: m_LocalPosition.y
      value: 0.11
      objectReference: {fileID: 0}
    - target: {fileID: 8210677805545585688, guid: 1ee167dda38ef0e4d9e3183c5c91f04a,
        type: 3}
      propertyPath: m_LocalPosition.z
      value: 17.46
      objectReference: {fileID: 0}
    - target: {fileID: 8210677805545585688, guid: 1ee167dda38ef0e4d9e3183c5c91f04a,
        type: 3}
      propertyPath: m_LocalRotation.x
      value: 0
      objectReference: {fileID: 0}
    - target: {fileID: 8210677805545585688, guid: 1ee167dda38ef0e4d9e3183c5c91f04a,
        type: 3}
      propertyPath: m_LocalRotation.y
      value: 1
      objectReference: {fileID: 0}
    - target: {fileID: 8210677805545585688, guid: 1ee167dda38ef0e4d9e3183c5c91f04a,
        type: 3}
      propertyPath: m_LocalRotation.z
      value: 0
      objectReference: {fileID: 0}
    - target: {fileID: 8210677805545585688, guid: 1ee167dda38ef0e4d9e3183c5c91f04a,
        type: 3}
      propertyPath: m_LocalRotation.w
      value: 0
      objectReference: {fileID: 0}
    - target: {fileID: 8210677805545585688, guid: 1ee167dda38ef0e4d9e3183c5c91f04a,
        type: 3}
      propertyPath: m_RootOrder
      value: 0
      objectReference: {fileID: 0}
    - target: {fileID: 8210677805545585688, guid: 1ee167dda38ef0e4d9e3183c5c91f04a,
        type: 3}
      propertyPath: m_LocalEulerAnglesHint.x
      value: 0
      objectReference: {fileID: 0}
    - target: {fileID: 8210677805545585688, guid: 1ee167dda38ef0e4d9e3183c5c91f04a,
        type: 3}
      propertyPath: m_LocalEulerAnglesHint.y
      value: 180
      objectReference: {fileID: 0}
    - target: {fileID: 8210677805545585688, guid: 1ee167dda38ef0e4d9e3183c5c91f04a,
        type: 3}
      propertyPath: m_LocalEulerAnglesHint.z
      value: 0
      objectReference: {fileID: 0}
    - target: {fileID: 8210677805545807928, guid: 1ee167dda38ef0e4d9e3183c5c91f04a,
        type: 3}
      propertyPath: m_Name
      value: office chair_2
      objectReference: {fileID: 0}
    m_RemovedComponents: []
  m_SourcePrefab: {fileID: 100100000, guid: 1ee167dda38ef0e4d9e3183c5c91f04a, type: 3}
