%YAML 1.1
%TAG !u! tag:unity3d.com,2011:
--- !u!1 &260451473102681670
GameObject:
  m_ObjectHideFlags: 0
  m_CorrespondingSourceObject: {fileID: 0}
  m_PrefabInstance: {fileID: 0}
  m_PrefabAsset: {fileID: 0}
  serializedVersion: 6
  m_Component:
  - component: {fileID: 260451473102681689}
  - component: {fileID: 260451473102681691}
  - component: {fileID: 260451473102681688}
  m_Layer: 0
  m_Name: Sphere
  m_TagString: Untagged
  m_Icon: {fileID: 0}
  m_NavMeshLayer: 0
  m_StaticEditorFlags: 0
  m_IsActive: 1
--- !u!4 &260451473102681689
Transform:
  m_ObjectHideFlags: 0
  m_CorrespondingSourceObject: {fileID: 0}
  m_PrefabInstance: {fileID: 0}
  m_PrefabAsset: {fileID: 0}
  m_GameObject: {fileID: 260451473102681670}
  m_LocalRotation: {x: -0, y: -0, z: -0, w: 1}
  m_LocalPosition: {x: 0, y: 0.07, z: 0}
  m_LocalScale: {x: 9, y: 0.1, z: 9}
  m_Children: []
  m_Father: {fileID: 2915737630867131573}
  m_RootOrder: 0
  m_LocalEulerAnglesHint: {x: 0, y: 0, z: 0}
--- !u!33 &260451473102681691
MeshFilter:
  m_ObjectHideFlags: 0
  m_CorrespondingSourceObject: {fileID: 0}
  m_PrefabInstance: {fileID: 0}
  m_PrefabAsset: {fileID: 0}
  m_GameObject: {fileID: 260451473102681670}
  m_Mesh: {fileID: 10207, guid: 0000000000000000e000000000000000, type: 0}
--- !u!23 &260451473102681688
MeshRenderer:
  m_ObjectHideFlags: 0
  m_CorrespondingSourceObject: {fileID: 0}
  m_PrefabInstance: {fileID: 0}
  m_PrefabAsset: {fileID: 0}
  m_GameObject: {fileID: 260451473102681670}
  m_Enabled: 1
  m_CastShadows: 1
  m_ReceiveShadows: 1
  m_DynamicOccludee: 1
  m_MotionVectors: 1
  m_LightProbeUsage: 1
  m_ReflectionProbeUsage: 1
  m_RayTracingMode: 2
  m_RenderingLayerMask: 1
  m_RendererPriority: 0
  m_Materials:
  - {fileID: 2100000, guid: fa7583f4941f3ec4695e3315f9ab341c, type: 2}
  m_StaticBatchInfo:
    firstSubMesh: 0
    subMeshCount: 0
  m_StaticBatchRoot: {fileID: 0}
  m_ProbeAnchor: {fileID: 0}
  m_LightProbeVolumeOverride: {fileID: 0}
  m_ScaleInLightmap: 1
  m_ReceiveGI: 1
  m_PreserveUVs: 0
  m_IgnoreNormalsForChartDetection: 0
  m_ImportantGI: 0
  m_StitchLightmapSeams: 1
  m_SelectedEditorRenderState: 3
  m_MinimumChartSize: 4
  m_AutoUVMaxDistance: 0.5
  m_AutoUVMaxAngle: 89
  m_LightmapParameters: {fileID: 0}
  m_SortingLayerID: 0
  m_SortingLayer: 0
  m_SortingOrder: 0
--- !u!1 &331813780628862031
GameObject:
  m_ObjectHideFlags: 0
  m_CorrespondingSourceObject: {fileID: 0}
  m_PrefabInstance: {fileID: 0}
  m_PrefabAsset: {fileID: 0}
  serializedVersion: 6
  m_Component:
  - component: {fileID: 6820581640862149274}
  m_Layer: 0
  m_Name: mixamorig:RightHand
  m_TagString: Untagged
  m_Icon: {fileID: 0}
  m_NavMeshLayer: 0
  m_StaticEditorFlags: 0
  m_IsActive: 1
--- !u!4 &6820581640862149274
Transform:
  m_ObjectHideFlags: 0
  m_CorrespondingSourceObject: {fileID: 0}
  m_PrefabInstance: {fileID: 0}
  m_PrefabAsset: {fileID: 0}
  m_GameObject: {fileID: 331813780628862031}
  m_LocalRotation: {x: 0.25541687, y: -0.15133953, z: 0.0012011625, w: 0.9549121}
  m_LocalPosition: {x: -4.665055e-12, y: 0.28074855, z: -3.6741e-10}
  m_LocalScale: {x: 1, y: 1, z: 1}
  m_Children:
  - {fileID: 1143279766012586534}
  m_Father: {fileID: 7733224986131504390}
  m_RootOrder: 0
  m_LocalEulerAnglesHint: {x: -4.836233, y: 28.457375, z: -11.799395}
--- !u!1 &1007415091934046281
GameObject:
  m_ObjectHideFlags: 0
  m_CorrespondingSourceObject: {fileID: 0}
  m_PrefabInstance: {fileID: 0}
  m_PrefabAsset: {fileID: 0}
  serializedVersion: 6
  m_Component:
  - component: {fileID: 4116556067665705281}
  m_Layer: 0
  m_Name: mixamorig:LeftHand
  m_TagString: Untagged
  m_Icon: {fileID: 0}
  m_NavMeshLayer: 0
  m_StaticEditorFlags: 0
  m_IsActive: 1
--- !u!4 &4116556067665705281
Transform:
  m_ObjectHideFlags: 0
  m_CorrespondingSourceObject: {fileID: 0}
  m_PrefabInstance: {fileID: 0}
  m_PrefabAsset: {fileID: 0}
  m_GameObject: {fileID: 1007415091934046281}
  m_LocalRotation: {x: 0.20227872, y: 0.11831131, z: -0.07793894, w: 0.96902597}
  m_LocalPosition: {x: -1.4843785e-10, y: 0.28075126, z: 3.7852315e-11}
  m_LocalScale: {x: 1, y: 1, z: 1}
  m_Children:
  - {fileID: 6625095268123765170}
  m_Father: {fileID: 7137573273805206169}
  m_RootOrder: 0
  m_LocalEulerAnglesHint: {x: -14.474797, y: -40.02159, z: 14.749736}
--- !u!1 &1140307719826441156
GameObject:
  m_ObjectHideFlags: 0
  m_CorrespondingSourceObject: {fileID: 0}
  m_PrefabInstance: {fileID: 0}
  m_PrefabAsset: {fileID: 0}
  serializedVersion: 6
  m_Component:
  - component: {fileID: 8396523660783614926}
  m_Layer: 0
  m_Name: mixamorig:LeftToe_End
  m_TagString: Untagged
  m_Icon: {fileID: 0}
  m_NavMeshLayer: 0
  m_StaticEditorFlags: 0
  m_IsActive: 1
--- !u!4 &8396523660783614926
Transform:
  m_ObjectHideFlags: 0
  m_CorrespondingSourceObject: {fileID: 0}
  m_PrefabInstance: {fileID: 0}
  m_PrefabAsset: {fileID: 0}
  m_GameObject: {fileID: 1140307719826441156}
  m_LocalRotation: {x: 0, y: -0, z: -0, w: 1}
  m_LocalPosition: {x: 0.0000000019066786, y: 0.051793188, z: 6.0799886e-11}
  m_LocalScale: {x: 1, y: 1, z: 1}
  m_Children: []
  m_Father: {fileID: 1979393482709751994}
  m_RootOrder: 0
  m_LocalEulerAnglesHint: {x: 0, y: 0, z: 0}
--- !u!1 &1187620586061285129
GameObject:
  m_ObjectHideFlags: 0
  m_CorrespondingSourceObject: {fileID: 0}
  m_PrefabInstance: {fileID: 0}
  m_PrefabAsset: {fileID: 0}
  serializedVersion: 6
  m_Component:
  - component: {fileID: 7252090979815886595}
  m_Layer: 0
  m_Name: mixamorig:RightToe_End
  m_TagString: Untagged
  m_Icon: {fileID: 0}
  m_NavMeshLayer: 0
  m_StaticEditorFlags: 0
  m_IsActive: 1
--- !u!4 &7252090979815886595
Transform:
  m_ObjectHideFlags: 0
  m_CorrespondingSourceObject: {fileID: 0}
  m_PrefabInstance: {fileID: 0}
  m_PrefabAsset: {fileID: 0}
  m_GameObject: {fileID: 1187620586061285129}
  m_LocalRotation: {x: 0, y: -0, z: -0, w: 1}
  m_LocalPosition: {x: 6.397372e-10, y: 0.05208549, z: -2.5236329e-11}
  m_LocalScale: {x: 1, y: 1, z: 1}
  m_Children: []
  m_Father: {fileID: 8153939078645675862}
  m_RootOrder: 0
  m_LocalEulerAnglesHint: {x: 0, y: 0, z: 0}
--- !u!1 &1302155747257282924
GameObject:
  m_ObjectHideFlags: 0
  m_CorrespondingSourceObject: {fileID: 0}
  m_PrefabInstance: {fileID: 0}
  m_PrefabAsset: {fileID: 0}
  serializedVersion: 6
  m_Component:
  - component: {fileID: 6625095268123765170}
  m_Layer: 0
  m_Name: mixamorig:LeftHandIndex1
  m_TagString: Untagged
  m_Icon: {fileID: 0}
  m_NavMeshLayer: 0
  m_StaticEditorFlags: 0
  m_IsActive: 1
--- !u!4 &6625095268123765170
Transform:
  m_ObjectHideFlags: 0
  m_CorrespondingSourceObject: {fileID: 0}
  m_PrefabInstance: {fileID: 0}
  m_PrefabAsset: {fileID: 0}
  m_GameObject: {fileID: 1302155747257282924}
  m_LocalRotation: {x: 0.2237557, y: 0.001456725, z: 0.018069854, w: 0.9744767}
  m_LocalPosition: {x: 2.136309e-12, y: 0.020291395, z: -3.3068657e-13}
  m_LocalScale: {x: 1, y: 1, z: 1}
  m_Children:
  - {fileID: 1684783883710601245}
  m_Father: {fileID: 4116556067665705281}
  m_RootOrder: 0
  m_LocalEulerAnglesHint: {x: 49.529396, y: 5.913048, z: 15.6639595}
--- !u!1 &1726512832170678638
GameObject:
  m_ObjectHideFlags: 0
  m_CorrespondingSourceObject: {fileID: 0}
  m_PrefabInstance: {fileID: 0}
  m_PrefabAsset: {fileID: 0}
  serializedVersion: 6
  m_Component:
  - component: {fileID: 1352784331861952761}
  m_Layer: 0
  m_Name: mixamorig:RightShoulder
  m_TagString: Untagged
  m_Icon: {fileID: 0}
  m_NavMeshLayer: 0
  m_StaticEditorFlags: 0
  m_IsActive: 1
--- !u!4 &1352784331861952761
Transform:
  m_ObjectHideFlags: 0
  m_CorrespondingSourceObject: {fileID: 0}
  m_PrefabInstance: {fileID: 0}
  m_PrefabAsset: {fileID: 0}
  m_GameObject: {fileID: 1726512832170678638}
  m_LocalRotation: {x: 0.61640525, y: 0.37665874, z: -0.56902134, w: 0.3929217}
  m_LocalPosition: {x: 0.08445989, y: 0.13651465, z: -0.00032846082}
  m_LocalScale: {x: 1, y: 1, z: 1}
  m_Children:
  - {fileID: 6338654024783544478}
  m_Father: {fileID: 6070629840916498574}
  m_RootOrder: 2
  m_LocalEulerAnglesHint: {x: 64.79505, y: -110.79907, z: 176.02005}
--- !u!1 &2029929283555085099
GameObject:
  m_ObjectHideFlags: 0
  m_CorrespondingSourceObject: {fileID: 0}
  m_PrefabInstance: {fileID: 0}
  m_PrefabAsset: {fileID: 0}
  serializedVersion: 6
  m_Component:
  - component: {fileID: 5722056990714154879}
  m_Layer: 0
  m_Name: mixamorig:Hips
  m_TagString: Untagged
  m_Icon: {fileID: 0}
  m_NavMeshLayer: 0
  m_StaticEditorFlags: 0
  m_IsActive: 1
--- !u!4 &5722056990714154879
Transform:
  m_ObjectHideFlags: 0
  m_CorrespondingSourceObject: {fileID: 0}
  m_PrefabInstance: {fileID: 0}
  m_PrefabAsset: {fileID: 0}
  m_GameObject: {fileID: 2029929283555085099}
  m_LocalRotation: {x: 0.061983228, y: -0.050822753, z: -0.055666585, w: 0.9952268}
  m_LocalPosition: {x: -0.014599007, y: 0.6262774, z: -0.036841594}
  m_LocalScale: {x: 1, y: 1, z: 1}
  m_Children:
  - {fileID: 3650255321223402390}
  - {fileID: 7032936437791499806}
  - {fileID: 5710605391003355865}
  m_Father: {fileID: 5229249173110222329}
  m_RootOrder: 1
  m_LocalEulerAnglesHint: {x: -8.139397, y: 1.970173, z: -2.3248854}
--- !u!1 &2410959610539965600
GameObject:
  m_ObjectHideFlags: 0
  m_CorrespondingSourceObject: {fileID: 0}
  m_PrefabInstance: {fileID: 0}
  m_PrefabAsset: {fileID: 0}
  serializedVersion: 6
  m_Component:
  - component: {fileID: 1684783883710601245}
  m_Layer: 0
  m_Name: mixamorig:LeftHandIndex2
  m_TagString: Untagged
  m_Icon: {fileID: 0}
  m_NavMeshLayer: 0
  m_StaticEditorFlags: 0
  m_IsActive: 1
--- !u!4 &1684783883710601245
Transform:
  m_ObjectHideFlags: 0
  m_CorrespondingSourceObject: {fileID: 0}
  m_PrefabInstance: {fileID: 0}
  m_PrefabAsset: {fileID: 0}
  m_GameObject: {fileID: 2410959610539965600}
  m_LocalRotation: {x: 0.11226895, y: 0.018565683, z: -0.09030276, w: 0.989392}
  m_LocalPosition: {x: 1.8069742e-10, y: 0.03175888, z: -1.784852e-10}
  m_LocalScale: {x: 1, y: 1, z: 1}
  m_Children:
  - {fileID: 6244755622001276402}
  m_Father: {fileID: 6625095268123765170}
  m_RootOrder: 0
  m_LocalEulerAnglesHint: {x: 21.196915, y: 1.2479653, z: -9.355957}
--- !u!1 &2907348560058881895
GameObject:
  m_ObjectHideFlags: 0
  m_CorrespondingSourceObject: {fileID: 0}
  m_PrefabInstance: {fileID: 0}
  m_PrefabAsset: {fileID: 0}
  serializedVersion: 6
  m_Component:
  - component: {fileID: 7137573273805206169}
  m_Layer: 0
  m_Name: mixamorig:LeftForeArm
  m_TagString: Untagged
  m_Icon: {fileID: 0}
  m_NavMeshLayer: 0
  m_StaticEditorFlags: 0
  m_IsActive: 1
--- !u!4 &7137573273805206169
Transform:
  m_ObjectHideFlags: 0
  m_CorrespondingSourceObject: {fileID: 0}
  m_PrefabInstance: {fileID: 0}
  m_PrefabAsset: {fileID: 0}
  m_GameObject: {fileID: 2907348560058881895}
  m_LocalRotation: {x: -0.016475461, y: 0.00017601791, z: -0.3992438, w: 0.9166968}
  m_LocalPosition: {x: -1.4831846e-11, y: 0.236831, z: 3.3075834e-10}
  m_LocalScale: {x: 1, y: 1, z: 1}
  m_Children:
  - {fileID: 4116556067665705281}
  m_Father: {fileID: 8914361010521461570}
  m_RootOrder: 0
  m_LocalEulerAnglesHint: {x: -0.7507692, y: 0.6589024, z: -75.78429}
--- !u!1 &2915737629766667268
GameObject:
  m_ObjectHideFlags: 0
  m_CorrespondingSourceObject: {fileID: 0}
  m_PrefabInstance: {fileID: 0}
  m_PrefabAsset: {fileID: 0}
  serializedVersion: 6
  m_Component:
  - component: {fileID: 2915737629766667267}
  - component: {fileID: 2915737629766667265}
  - component: {fileID: 2915737629766667271}
  - component: {fileID: 8866427009418450598}
  - component: {fileID: 2915737629766667264}
  - component: {fileID: 2915737629766667270}
  m_Layer: 0
  m_Name: EnemyAI 1
  m_TagString: Untagged
  m_Icon: {fileID: 0}
  m_NavMeshLayer: 0
  m_StaticEditorFlags: 0
  m_IsActive: 1
--- !u!4 &2915737629766667267
Transform:
  m_ObjectHideFlags: 0
  m_CorrespondingSourceObject: {fileID: 0}
  m_PrefabInstance: {fileID: 0}
  m_PrefabAsset: {fileID: 0}
  m_GameObject: {fileID: 2915737629766667268}
  m_LocalRotation: {x: 0, y: 0.7071068, z: 0, w: 0.7071068}
  m_LocalPosition: {x: 2.22, y: 0, z: -9.2}
  m_LocalScale: {x: 1, y: 1, z: 1}
  m_Children:
  - {fileID: 2005896844640101523}
  - {fileID: 2915737630867131573}
  - {fileID: 6425121979598253603}
  - {fileID: 8928262202560615133}
  m_Father: {fileID: 0}
  m_RootOrder: 0
  m_LocalEulerAnglesHint: {x: 0, y: 90, z: 0}
--- !u!136 &2915737629766667265
CapsuleCollider:
  m_ObjectHideFlags: 8
  m_CorrespondingSourceObject: {fileID: 0}
  m_PrefabInstance: {fileID: 0}
  m_PrefabAsset: {fileID: 0}
  m_GameObject: {fileID: 2915737629766667268}
  m_Material: {fileID: 0}
  m_IsTrigger: 0
  m_Enabled: 1
  m_Radius: 0.5
  m_Height: 2
  m_Direction: 1
  m_Center: {x: 0, y: 1, z: 0}
--- !u!114 &2915737629766667271
MonoBehaviour:
  m_ObjectHideFlags: 0
  m_CorrespondingSourceObject: {fileID: 0}
  m_PrefabInstance: {fileID: 0}
  m_PrefabAsset: {fileID: 0}
  m_GameObject: {fileID: 2915737629766667268}
  m_Enabled: 1
  m_EditorHideFlags: 0
  m_Script: {fileID: 11500000, guid: 4dc958112b0a13344af991ed2ec7c1e7, type: 3}
  m_Name: 
  m_EditorClassIdentifier: 
  animator: {fileID: 9135938537788252143}
  sneezeParticle: {fileID: 2005896844640294157}
  patrolTargets: []
  chaseTarget: {fileID: 0}
  wanderRange: 2
  coughDelay: 0
  coughPower: 1.5
  coughDuration: 0.5
  infectionArea: {fileID: 260451473102681670}
  rangeSensor: {fileID: 8866427009418450598}
  coughFrequencyMin: 2
  coughFrequencyMax: 5
--- !u!114 &8866427009418450598
MonoBehaviour:
  m_ObjectHideFlags: 0
  m_CorrespondingSourceObject: {fileID: 0}
  m_PrefabInstance: {fileID: 0}
  m_PrefabAsset: {fileID: 0}
  m_GameObject: {fileID: 2915737629766667268}
  m_Enabled: 1
  m_EditorHideFlags: 0
  m_Script: {fileID: 11500000, guid: 3fd1782782c33a144aa3b0d575bb80ea, type: 3}
  m_Name: 
  m_EditorClassIdentifier: 
  IgnoreList: []
  EnableTagFilter: 1
  AllowedTags:
  - Player
  OnDetected:
    m_PersistentCalls:
      m_Calls:
      - m_Target: {fileID: 11400000, guid: 3571e890b9521b14a8c3a58a300d77ac, type: 2}
        m_MethodName: Raise
        m_Mode: 1
        m_Arguments:
          m_ObjectArgument: {fileID: 0}
          m_ObjectArgumentAssemblyTypeName: UnityEngine.Object, UnityEngine
          m_IntArgument: 0
          m_FloatArgument: 0
          m_StringArgument: 
          m_BoolArgument: 0
        m_CallState: 2
  OnLostDetection:
    m_PersistentCalls:
      m_Calls:
      - m_Target: {fileID: 11400000, guid: 5eceec88c95b8054b86bdecce74589e7, type: 2}
        m_MethodName: Raise
        m_Mode: 1
        m_Arguments:
          m_ObjectArgument: {fileID: 0}
          m_ObjectArgumentAssemblyTypeName: UnityEngine.Object, UnityEngine
          m_IntArgument: 0
          m_FloatArgument: 0
          m_StringArgument: 
          m_BoolArgument: 0
        m_CallState: 2
  DetectionMode: 0
  RequiresLineOfSight: 1
  BlocksLineOfSight:
    serializedVersion: 2
    m_Bits: 0
  TestLOSTargetsOnly: 0
  NumberOfRays: 1
  MinimumVisibility: 0.5
  SensorRange: 4.5
  DetectsOnLayers:
    serializedVersion: 2
    m_Bits: 4294967295
  SensorUpdateMode: 0
  CheckInterval: 0.1
  InitialBufferSize: 20
  DynamicallyIncreaseBufferSize: 1
--- !u!114 &2915737629766667264
MonoBehaviour:
  m_ObjectHideFlags: 0
  m_CorrespondingSourceObject: {fileID: 0}
  m_PrefabInstance: {fileID: 0}
  m_PrefabAsset: {fileID: 0}
  m_GameObject: {fileID: 2915737629766667268}
  m_Enabled: 1
  m_EditorHideFlags: 0
  m_Script: {fileID: 11500000, guid: ba46965afca3bfd46a980dd639bd43ad, type: 3}
  m_Name: 
  m_EditorClassIdentifier: 
  Motor: {fileID: 2915737629766667270}
  MaxStableMoveSpeed: 5
  StableMovementSharpness: 15
  OrientationSharpness: 10
  OrientationMethod: 1
  IgnoredColliders: []
  OrientTowardsGravity: 0
  Gravity: {x: 0, y: -30, z: 0}
  MeshRoot: {fileID: 2915737630867131573}
  CameraFollowPoint: {fileID: 2915737630237673633}
--- !u!114 &2915737629766667270
MonoBehaviour:
  m_ObjectHideFlags: 0
  m_CorrespondingSourceObject: {fileID: 0}
  m_PrefabInstance: {fileID: 0}
  m_PrefabAsset: {fileID: 0}
  m_GameObject: {fileID: 2915737629766667268}
  m_Enabled: 1
  m_EditorHideFlags: 0
  m_Script: {fileID: 11500000, guid: 68a4499f5dd18a84fba27fb469430ac0, type: 3}
  m_Name: 
  m_EditorClassIdentifier: 
  Capsule: {fileID: 2915737629766667265}
  CapsuleRadius: 0.5
  CapsuleHeight: 2
  CapsuleYOffset: 1
  CapsulePhysicsMaterial: {fileID: 0}
  GroundDetectionExtraDistance: 0
  MaxStableSlopeAngle: 60
  StableGroundLayers:
    serializedVersion: 2
    m_Bits: 4294967295
  DiscreteCollisionEvents: 0
  StepHandling: 1
  MaxStepHeight: 0.5
  AllowSteppingWithoutStableGrounding: 0
  MinRequiredStepDepth: 0.1
  LedgeAndDenivelationHandling: 1
  MaxStableDistanceFromLedge: 0.5
  MaxVelocityForLedgeSnap: 0
  MaxStableDenivelationAngle: 180
  InteractiveRigidbodyHandling: 1
  RigidbodyInteractionType: 0
  PreserveAttachedRigidbodyMomentum: 1
  HasPlanarConstraint: 0
  PlanarConstraintAxis: {x: 0, y: 0, z: 1}
--- !u!1 &2915737630237673634
GameObject:
  m_ObjectHideFlags: 0
  m_CorrespondingSourceObject: {fileID: 0}
  m_PrefabInstance: {fileID: 0}
  m_PrefabAsset: {fileID: 0}
  serializedVersion: 6
  m_Component:
  - component: {fileID: 2915737630237673633}
  m_Layer: 0
  m_Name: CameraTarget
  m_TagString: Untagged
  m_Icon: {fileID: 0}
  m_NavMeshLayer: 0
  m_StaticEditorFlags: 0
  m_IsActive: 1
--- !u!4 &2915737630237673633
Transform:
  m_ObjectHideFlags: 0
  m_CorrespondingSourceObject: {fileID: 0}
  m_PrefabInstance: {fileID: 0}
  m_PrefabAsset: {fileID: 0}
  m_GameObject: {fileID: 2915737630237673634}
  m_LocalRotation: {x: -0, y: -0, z: -0, w: 1}
  m_LocalPosition: {x: 0, y: 1.43, z: 0}
  m_LocalScale: {x: 1, y: 1, z: 1}
  m_Children: []
  m_Father: {fileID: 2915737630867131573}
  m_RootOrder: 2
  m_LocalEulerAnglesHint: {x: 0, y: 0, z: 0}
--- !u!1 &2915737630867131574
GameObject:
  m_ObjectHideFlags: 0
  m_CorrespondingSourceObject: {fileID: 0}
  m_PrefabInstance: {fileID: 0}
  m_PrefabAsset: {fileID: 0}
  serializedVersion: 6
  m_Component:
  - component: {fileID: 2915737630867131573}
  m_Layer: 0
  m_Name: Root
  m_TagString: Untagged
  m_Icon: {fileID: 0}
  m_NavMeshLayer: 0
  m_StaticEditorFlags: 0
  m_IsActive: 1
--- !u!4 &2915737630867131573
Transform:
  m_ObjectHideFlags: 0
  m_CorrespondingSourceObject: {fileID: 0}
  m_PrefabInstance: {fileID: 0}
  m_PrefabAsset: {fileID: 0}
  m_GameObject: {fileID: 2915737630867131574}
  m_LocalRotation: {x: 0, y: 0, z: 0, w: 1}
  m_LocalPosition: {x: 0, y: 0, z: 0}
  m_LocalScale: {x: 1, y: 1, z: 1}
  m_Children:
  - {fileID: 260451473102681689}
  - {fileID: 5229249173110222329}
  - {fileID: 2915737630237673633}
  m_Father: {fileID: 2915737629766667267}
  m_RootOrder: 1
  m_LocalEulerAnglesHint: {x: 0, y: 0, z: 0}
--- !u!1 &2941004292459514979
GameObject:
  m_ObjectHideFlags: 0
  m_CorrespondingSourceObject: {fileID: 0}
  m_PrefabInstance: {fileID: 0}
  m_PrefabAsset: {fileID: 0}
  serializedVersion: 6
  m_Component:
  - component: {fileID: 8914361010521461570}
  m_Layer: 0
  m_Name: mixamorig:LeftArm
  m_TagString: Untagged
  m_Icon: {fileID: 0}
  m_NavMeshLayer: 0
  m_StaticEditorFlags: 0
  m_IsActive: 1
--- !u!4 &8914361010521461570
Transform:
  m_ObjectHideFlags: 0
  m_CorrespondingSourceObject: {fileID: 0}
  m_PrefabInstance: {fileID: 0}
  m_PrefabAsset: {fileID: 0}
  m_GameObject: {fileID: 2941004292459514979}
  m_LocalRotation: {x: 0.23875532, y: 0.047325306, z: -0.25523445, w: 0.93574125}
  m_LocalPosition: {x: 8.714293e-11, y: 0.17661044, z: -2.8440751e-11}
  m_LocalScale: {x: 1, y: 1, z: 1}
  m_Children:
  - {fileID: 7137573273805206169}
  m_Father: {fileID: 2205911358110151708}
  m_RootOrder: 0
  m_LocalEulerAnglesHint: {x: 38.40607, y: 1.917129, z: -15.753298}
--- !u!1 &3185489270162035871
GameObject:
  m_ObjectHideFlags: 0
  m_CorrespondingSourceObject: {fileID: 0}
  m_PrefabInstance: {fileID: 0}
  m_PrefabAsset: {fileID: 0}
  serializedVersion: 6
  m_Component:
  - component: {fileID: 2205911358110151708}
  m_Layer: 0
  m_Name: mixamorig:LeftShoulder
  m_TagString: Untagged
  m_Icon: {fileID: 0}
  m_NavMeshLayer: 0
  m_StaticEditorFlags: 0
  m_IsActive: 1
--- !u!4 &2205911358110151708
Transform:
  m_ObjectHideFlags: 0
  m_CorrespondingSourceObject: {fileID: 0}
  m_PrefabInstance: {fileID: 0}
  m_PrefabAsset: {fileID: 0}
  m_GameObject: {fileID: 3185489270162035871}
  m_LocalRotation: {x: 0.59385157, y: -0.39827564, z: 0.56590223, w: 0.41045278}
  m_LocalPosition: {x: -0.08445989, y: 0.13658579, z: 0.0019054452}
  m_LocalScale: {x: 1, y: 1, z: 1}
  m_Children:
  - {fileID: 8914361010521461570}
  m_Father: {fileID: 6070629840916498574}
  m_RootOrder: 0
  m_LocalEulerAnglesHint: {x: 69.35471, y: 111.30787, z: -175.54988}
--- !u!1 &3295687641200854305
GameObject:
  m_ObjectHideFlags: 0
  m_CorrespondingSourceObject: {fileID: 0}
  m_PrefabInstance: {fileID: 0}
  m_PrefabAsset: {fileID: 0}
  serializedVersion: 6
  m_Component:
  - component: {fileID: 7032936437791499806}
  m_Layer: 0
  m_Name: mixamorig:RightUpLeg
  m_TagString: Untagged
  m_Icon: {fileID: 0}
  m_NavMeshLayer: 0
  m_StaticEditorFlags: 0
  m_IsActive: 1
--- !u!4 &7032936437791499806
Transform:
  m_ObjectHideFlags: 0
  m_CorrespondingSourceObject: {fileID: 0}
  m_PrefabInstance: {fileID: 0}
  m_PrefabAsset: {fileID: 0}
  m_GameObject: {fileID: 3295687641200854305}
  m_LocalRotation: {x: 0.0706497, y: 0.16677842, z: 0.97874266, w: -0.096210614}
  m_LocalPosition: {x: 0.15768886, y: -0.059625242, z: 0.017599942}
  m_LocalScale: {x: 1, y: 1, z: 1}
  m_Children:
  - {fileID: 299792029101113950}
  m_Father: {fileID: 5722056990714154879}
  m_RootOrder: 1
  m_LocalEulerAnglesHint: {x: -64.38581, y: -0.40659642, z: -171.6003}
--- !u!1 &3475424838369228112
GameObject:
  m_ObjectHideFlags: 0
  m_CorrespondingSourceObject: {fileID: 0}
  m_PrefabInstance: {fileID: 0}
  m_PrefabAsset: {fileID: 0}
  serializedVersion: 6
  m_Component:
  - component: {fileID: 1143279766012586534}
  m_Layer: 0
  m_Name: mixamorig:RightHandIndex1
  m_TagString: Untagged
  m_Icon: {fileID: 0}
  m_NavMeshLayer: 0
  m_StaticEditorFlags: 0
  m_IsActive: 1
--- !u!4 &1143279766012586534
Transform:
  m_ObjectHideFlags: 0
  m_CorrespondingSourceObject: {fileID: 0}
  m_PrefabInstance: {fileID: 0}
  m_PrefabAsset: {fileID: 0}
  m_GameObject: {fileID: 3475424838369228112}
  m_LocalRotation: {x: 0.35805532, y: -0.0015302366, z: -0.034324683, w: 0.933068}
  m_LocalPosition: {x: 1.4840821e-11, y: 0.027372347, z: 7.72232e-12}
  m_LocalScale: {x: 1, y: 1, z: 1}
  m_Children:
  - {fileID: 833282524622472004}
  m_Father: {fileID: 6820581640862149274}
  m_RootOrder: 0
  m_LocalEulerAnglesHint: {x: 38.75686, y: -2.8561764, z: -8.703846}
--- !u!1 &3493240305173843870
GameObject:
  m_ObjectHideFlags: 0
  m_CorrespondingSourceObject: {fileID: 0}
  m_PrefabInstance: {fileID: 0}
  m_PrefabAsset: {fileID: 0}
  serializedVersion: 6
  m_Component:
  - component: {fileID: 2636082454283504398}
  m_Layer: 0
  m_Name: mixamorig:Head
  m_TagString: Untagged
  m_Icon: {fileID: 0}
  m_NavMeshLayer: 0
  m_StaticEditorFlags: 0
  m_IsActive: 1
--- !u!4 &2636082454283504398
Transform:
  m_ObjectHideFlags: 0
  m_CorrespondingSourceObject: {fileID: 0}
  m_PrefabInstance: {fileID: 0}
  m_PrefabAsset: {fileID: 0}
  m_GameObject: {fileID: 3493240305173843870}
  m_LocalRotation: {x: -0.16646518, y: 0.09401818, z: 0.0061113723, w: 0.98153585}
  m_LocalPosition: {x: -0, y: 0.1905809, z: 0.012698872}
  m_LocalScale: {x: 1, y: 1, z: 1}
  m_Children:
  - {fileID: 5092082113184368011}
  m_Father: {fileID: 6476792368498228334}
  m_RootOrder: 0
  m_LocalEulerAnglesHint: {x: -18.780615, y: 0.10188031, z: -4.9168634}
--- !u!1 &3854412040016259483
GameObject:
  m_ObjectHideFlags: 0
  m_CorrespondingSourceObject: {fileID: 0}
  m_PrefabInstance: {fileID: 0}
  m_PrefabAsset: {fileID: 0}
  serializedVersion: 6
  m_Component:
  - component: {fileID: 833282524622472004}
  m_Layer: 0
  m_Name: mixamorig:RightHandIndex2
  m_TagString: Untagged
  m_Icon: {fileID: 0}
  m_NavMeshLayer: 0
  m_StaticEditorFlags: 0
  m_IsActive: 1
--- !u!4 &833282524622472004
Transform:
  m_ObjectHideFlags: 0
  m_CorrespondingSourceObject: {fileID: 0}
  m_PrefabInstance: {fileID: 0}
  m_PrefabAsset: {fileID: 0}
  m_GameObject: {fileID: 3854412040016259483}
  m_LocalRotation: {x: 0.20890325, y: 0.03669516, z: -0.19318064, w: 0.9579636}
  m_LocalPosition: {x: 2.6728655e-10, y: 0.03006561, z: -5.070453e-10}
  m_LocalScale: {x: 1, y: 1, z: 1}
  m_Children:
  - {fileID: 7283003627955611872}
  m_Father: {fileID: 1143279766012586534}
  m_RootOrder: 0
  m_LocalEulerAnglesHint: {x: 22.581194, y: 1.0489329, z: -22.592215}
--- !u!1 &3959334875666683595
GameObject:
  m_ObjectHideFlags: 0
  m_CorrespondingSourceObject: {fileID: 0}
  m_PrefabInstance: {fileID: 0}
  m_PrefabAsset: {fileID: 0}
  serializedVersion: 6
  m_Component:
  - component: {fileID: 6067962335940061974}
  m_Layer: 0
  m_Name: mixamorig:LeftLeg
  m_TagString: Untagged
  m_Icon: {fileID: 0}
  m_NavMeshLayer: 0
  m_StaticEditorFlags: 0
  m_IsActive: 1
--- !u!4 &6067962335940061974
Transform:
  m_ObjectHideFlags: 0
  m_CorrespondingSourceObject: {fileID: 0}
  m_PrefabInstance: {fileID: 0}
  m_PrefabAsset: {fileID: 0}
  m_GameObject: {fileID: 3959334875666683595}
  m_LocalRotation: {x: -0.56761646, y: -0.0012545943, z: 0.015130664, w: 0.82315314}
  m_LocalPosition: {x: 5.5383e-10, y: 0.32884896, z: -8.852266e-11}
  m_LocalScale: {x: 1, y: 1, z: 1}
  m_Children:
  - {fileID: 1966211304037111681}
  m_Father: {fileID: 3650255321223402390}
  m_RootOrder: 0
  m_LocalEulerAnglesHint: {x: -75.72795, y: -151.76482, z: 153.77687}
--- !u!1 &4149315041229136402
GameObject:
  m_ObjectHideFlags: 0
  m_CorrespondingSourceObject: {fileID: 0}
  m_PrefabInstance: {fileID: 0}
  m_PrefabAsset: {fileID: 0}
  serializedVersion: 6
  m_Component:
  - component: {fileID: 8891063386309178027}
  m_Layer: 0
  m_Name: mixamorig:Spine1
  m_TagString: Untagged
  m_Icon: {fileID: 0}
  m_NavMeshLayer: 0
  m_StaticEditorFlags: 0
  m_IsActive: 1
--- !u!4 &8891063386309178027
Transform:
  m_ObjectHideFlags: 0
  m_CorrespondingSourceObject: {fileID: 0}
  m_PrefabInstance: {fileID: 0}
  m_PrefabAsset: {fileID: 0}
  m_GameObject: {fileID: 4149315041229136402}
  m_LocalRotation: {x: 0.09363638, y: -0.02097867, z: 0.017550686, w: 0.9952307}
  m_LocalPosition: {x: -0, y: 0.1254619, z: -1.3406108e-10}
  m_LocalScale: {x: 1, y: 1, z: 1}
  m_Children:
  - {fileID: 6070629840916498574}
  m_Father: {fileID: 5710605391003355865}
  m_RootOrder: 0
  m_LocalEulerAnglesHint: {x: 2.7398267, y: 0.18254054, z: 0.38127464}
--- !u!1 &4157518840698699607
GameObject:
  m_ObjectHideFlags: 0
  m_CorrespondingSourceObject: {fileID: 0}
  m_PrefabInstance: {fileID: 0}
  m_PrefabAsset: {fileID: 0}
  serializedVersion: 6
  m_Component:
  - component: {fileID: 6338654024783544478}
  m_Layer: 0
  m_Name: mixamorig:RightArm
  m_TagString: Untagged
  m_Icon: {fileID: 0}
  m_NavMeshLayer: 0
  m_StaticEditorFlags: 0
  m_IsActive: 1
--- !u!4 &6338654024783544478
Transform:
  m_ObjectHideFlags: 0
  m_CorrespondingSourceObject: {fileID: 0}
  m_PrefabInstance: {fileID: 0}
  m_PrefabAsset: {fileID: 0}
  m_GameObject: {fileID: 4157518840698699607}
  m_LocalRotation: {x: 0.21755464, y: -0.075729884, z: 0.23978549, w: 0.94310015}
  m_LocalPosition: {x: 1.6330456e-10, y: 0.17661044, z: -2.0405792e-11}
  m_LocalScale: {x: 1, y: 1, z: 1}
  m_Children:
  - {fileID: 7733224986131504390}
  m_Father: {fileID: 1352784331861952761}
  m_RootOrder: 0
  m_LocalEulerAnglesHint: {x: 33.535656, y: 0.9635339, z: 33.815407}
--- !u!1 &5131448145816607345
GameObject:
  m_ObjectHideFlags: 0
  m_CorrespondingSourceObject: {fileID: 0}
  m_PrefabInstance: {fileID: 0}
  m_PrefabAsset: {fileID: 0}
  serializedVersion: 6
  m_Component:
  - component: {fileID: 7823557062097031669}
  m_Layer: 0
  m_Name: mixamorig:RightHandIndex4
  m_TagString: Untagged
  m_Icon: {fileID: 0}
  m_NavMeshLayer: 0
  m_StaticEditorFlags: 0
  m_IsActive: 1
--- !u!4 &7823557062097031669
Transform:
  m_ObjectHideFlags: 0
  m_CorrespondingSourceObject: {fileID: 0}
  m_PrefabInstance: {fileID: 0}
  m_PrefabAsset: {fileID: 0}
  m_GameObject: {fileID: 5131448145816607345}
  m_LocalRotation: {x: 0, y: -0, z: -0, w: 1}
  m_LocalPosition: {x: -0.0054582707, y: 0.0028439134, z: 0.0045550265}
  m_LocalScale: {x: 1, y: 1, z: 1}
  m_Children: []
  m_Father: {fileID: 7283003627955611872}
  m_RootOrder: 0
  m_LocalEulerAnglesHint: {x: 0, y: 0, z: 0}
--- !u!1 &5609584028473647810
GameObject:
  m_ObjectHideFlags: 0
  m_CorrespondingSourceObject: {fileID: 0}
  m_PrefabInstance: {fileID: 0}
  m_PrefabAsset: {fileID: 0}
  serializedVersion: 6
  m_Component:
  - component: {fileID: 6255536844605815761}
  - component: {fileID: 5088789319411944284}
  m_Layer: 0
  m_Name: Enemy
  m_TagString: Untagged
  m_Icon: {fileID: 0}
  m_NavMeshLayer: 0
  m_StaticEditorFlags: 0
  m_IsActive: 1
--- !u!4 &6255536844605815761
Transform:
  m_ObjectHideFlags: 0
  m_CorrespondingSourceObject: {fileID: 0}
  m_PrefabInstance: {fileID: 0}
  m_PrefabAsset: {fileID: 0}
  m_GameObject: {fileID: 5609584028473647810}
  m_LocalRotation: {x: 0, y: -0, z: -0, w: 1}
  m_LocalPosition: {x: -0, y: 0, z: 0}
  m_LocalScale: {x: 1, y: 1, z: 1}
  m_Children: []
  m_Father: {fileID: 5229249173110222329}
  m_RootOrder: 0
  m_LocalEulerAnglesHint: {x: 0, y: 0, z: 0}
--- !u!137 &5088789319411944284
SkinnedMeshRenderer:
  m_ObjectHideFlags: 0
  m_CorrespondingSourceObject: {fileID: 0}
  m_PrefabInstance: {fileID: 0}
  m_PrefabAsset: {fileID: 0}
  m_GameObject: {fileID: 5609584028473647810}
  m_Enabled: 1
  m_CastShadows: 1
  m_ReceiveShadows: 1
  m_DynamicOccludee: 1
  m_MotionVectors: 1
  m_LightProbeUsage: 1
  m_ReflectionProbeUsage: 1
  m_RayTracingMode: 0
  m_RenderingLayerMask: 1
  m_RendererPriority: 0
  m_Materials:
  - {fileID: 2100000, guid: 6cb26933e27fdfd44a03a9bf8784f0e2, type: 2}
  - {fileID: 2100000, guid: 6cb26933e27fdfd44a03a9bf8784f0e2, type: 2}
  m_StaticBatchInfo:
    firstSubMesh: 0
    subMeshCount: 0
  m_StaticBatchRoot: {fileID: 0}
  m_ProbeAnchor: {fileID: 0}
  m_LightProbeVolumeOverride: {fileID: 0}
  m_ScaleInLightmap: 1
  m_ReceiveGI: 1
  m_PreserveUVs: 0
  m_IgnoreNormalsForChartDetection: 0
  m_ImportantGI: 0
  m_StitchLightmapSeams: 1
  m_SelectedEditorRenderState: 3
  m_MinimumChartSize: 4
  m_AutoUVMaxDistance: 0.5
  m_AutoUVMaxAngle: 89
  m_LightmapParameters: {fileID: 0}
  m_SortingLayerID: 0
  m_SortingLayer: 0
  m_SortingOrder: 0
  serializedVersion: 2
  m_Quality: 0
  m_UpdateWhenOffscreen: 0
  m_SkinnedMotionVectors: 1
  m_Mesh: {fileID: -4728807580002398413, guid: 5747f52443713404792df15b7b5d9ffc, type: 3}
  m_Bones:
  - {fileID: 7032936437791499806}
  - {fileID: 5722056990714154879}
  - {fileID: 1352784331861952761}
  - {fileID: 6338654024783544478}
  - {fileID: 6070629840916498574}
  - {fileID: 3650255321223402390}
  - {fileID: 6476792368498228334}
  - {fileID: 5710605391003355865}
  - {fileID: 8891063386309178027}
  - {fileID: 299792029101113950}
  - {fileID: 2650855931654393599}
  - {fileID: 8153939078645675862}
  - {fileID: 1143279766012586534}
  - {fileID: 833282524622472004}
  - {fileID: 7283003627955611872}
  - {fileID: 7733224986131504390}
  - {fileID: 6820581640862149274}
  - {fileID: 2205911358110151708}
  - {fileID: 8914361010521461570}
  - {fileID: 6067962335940061974}
  - {fileID: 7137573273805206169}
  - {fileID: 1684783883710601245}
  - {fileID: 6244755622001276402}
  - {fileID: 6625095268123765170}
  - {fileID: 4116556067665705281}
  - {fileID: 1979393482709751994}
  - {fileID: 1966211304037111681}
  - {fileID: 2636082454283504398}
  m_BlendShapeWeights: []
  m_RootBone: {fileID: 5722056990714154879}
  m_AABB:
    m_Center: {x: 0.0432024, y: 0.37718412, z: 0.22361423}
    m_Extent: {x: 0.6527507, y: 1.0429235, z: 0.4815973}
  m_DirtyAABB: 0
--- !u!1 &5613344742816385493
GameObject:
  m_ObjectHideFlags: 0
  m_CorrespondingSourceObject: {fileID: 0}
  m_PrefabInstance: {fileID: 0}
  m_PrefabAsset: {fileID: 0}
  serializedVersion: 6
  m_Component:
  - component: {fileID: 6070629840916498574}
  m_Layer: 0
  m_Name: mixamorig:Spine2
  m_TagString: Untagged
  m_Icon: {fileID: 0}
  m_NavMeshLayer: 0
  m_StaticEditorFlags: 0
  m_IsActive: 1
--- !u!4 &6070629840916498574
Transform:
  m_ObjectHideFlags: 0
  m_CorrespondingSourceObject: {fileID: 0}
  m_PrefabInstance: {fileID: 0}
  m_PrefabAsset: {fileID: 0}
  m_GameObject: {fileID: 5613344742816385493}
  m_LocalRotation: {x: 0.09364288, y: -0.021032635, z: 0.017446863, w: 0.99523073}
  m_LocalPosition: {x: -0, y: 0.14338519, z: -2.59787e-10}
  m_LocalScale: {x: 1, y: 1, z: 1}
  m_Children:
  - {fileID: 2205911358110151708}
  - {fileID: 6476792368498228334}
  - {fileID: 1352784331861952761}
  m_Father: {fileID: 8891063386309178027}
  m_RootOrder: 0
  m_LocalEulerAnglesHint: {x: 2.7402997, y: 0.21232313, z: 0.43535885}
--- !u!1 &5831300011190748240
GameObject:
  m_ObjectHideFlags: 0
  m_CorrespondingSourceObject: {fileID: 0}
  m_PrefabInstance: {fileID: 0}
  m_PrefabAsset: {fileID: 0}
  serializedVersion: 6
  m_Component:
  - component: {fileID: 1979393482709751994}
  m_Layer: 0
  m_Name: mixamorig:LeftToeBase
  m_TagString: Untagged
  m_Icon: {fileID: 0}
  m_NavMeshLayer: 0
  m_StaticEditorFlags: 0
  m_IsActive: 1
--- !u!4 &1979393482709751994
Transform:
  m_ObjectHideFlags: 0
  m_CorrespondingSourceObject: {fileID: 0}
  m_PrefabInstance: {fileID: 0}
  m_PrefabAsset: {fileID: 0}
  m_GameObject: {fileID: 5831300011190748240}
  m_LocalRotation: {x: -0.022770489, y: -0.0023519516, z: 0.09952761, w: 0.9947714}
  m_LocalPosition: {x: -3.5489847e-10, y: 0.084493235, z: 1.4307339e-10}
  m_LocalScale: {x: 1, y: 1, z: 1}
  m_Children:
  - {fileID: 8396523660783614926}
  m_Father: {fileID: 1966211304037111681}
  m_RootOrder: 0
  m_LocalEulerAnglesHint: {x: -1.886059, y: -0.38614735, z: 11.571553}
--- !u!1 &5938343365127982413
GameObject:
  m_ObjectHideFlags: 0
  m_CorrespondingSourceObject: {fileID: 0}
  m_PrefabInstance: {fileID: 0}
  m_PrefabAsset: {fileID: 0}
  serializedVersion: 6
  m_Component:
  - component: {fileID: 6476792368498228334}
  m_Layer: 0
  m_Name: mixamorig:Neck
  m_TagString: Untagged
  m_Icon: {fileID: 0}
  m_NavMeshLayer: 0
  m_StaticEditorFlags: 0
  m_IsActive: 1
--- !u!4 &6476792368498228334
Transform:
  m_ObjectHideFlags: 0
  m_CorrespondingSourceObject: {fileID: 0}
  m_PrefabInstance: {fileID: 0}
  m_PrefabAsset: {fileID: 0}
  m_GameObject: {fileID: 5938343365127982413}
  m_LocalRotation: {x: -0.053409252, y: 0.01799019, z: 0.0070206565, w: 0.99838597}
  m_LocalPosition: {x: -0, y: 0.16130824, z: -4.5866796e-10}
  m_LocalScale: {x: 1, y: 1, z: 1}
  m_Children:
  - {fileID: 2636082454283504398}
  m_Father: {fileID: 6070629840916498574}
  m_RootOrder: 1
  m_LocalEulerAnglesHint: {x: 1.5723381, y: -0.50671864, z: 0.07717589}
--- !u!1 &6044167149304929093
GameObject:
  m_ObjectHideFlags: 0
  m_CorrespondingSourceObject: {fileID: 0}
  m_PrefabInstance: {fileID: 0}
  m_PrefabAsset: {fileID: 0}
  serializedVersion: 6
  m_Component:
  - component: {fileID: 6244755622001276402}
  m_Layer: 0
  m_Name: mixamorig:LeftHandIndex3
  m_TagString: Untagged
  m_Icon: {fileID: 0}
  m_NavMeshLayer: 0
  m_StaticEditorFlags: 0
  m_IsActive: 1
--- !u!4 &6244755622001276402
Transform:
  m_ObjectHideFlags: 0
  m_CorrespondingSourceObject: {fileID: 0}
  m_PrefabInstance: {fileID: 0}
  m_PrefabAsset: {fileID: 0}
  m_GameObject: {fileID: 6044167149304929093}
  m_LocalRotation: {x: 0.2258635, y: 0.07674779, z: -0.102534465, w: 0.96570295}
  m_LocalPosition: {x: -0.006593873, y: 0.030021695, z: 0.0043567554}
  m_LocalScale: {x: 1, y: 1, z: 1}
  m_Children:
  - {fileID: 4109047472100658322}
  m_Father: {fileID: 1684783883710601245}
  m_RootOrder: 0
  m_LocalEulerAnglesHint: {x: 31.680975, y: 8.271158, z: -8.6385765}
--- !u!1 &6050691435763288810
GameObject:
  m_ObjectHideFlags: 0
  m_CorrespondingSourceObject: {fileID: 0}
  m_PrefabInstance: {fileID: 0}
  m_PrefabAsset: {fileID: 0}
  serializedVersion: 6
  m_Component:
  - component: {fileID: 3650255321223402390}
  m_Layer: 0
  m_Name: mixamorig:LeftUpLeg
  m_TagString: Untagged
  m_Icon: {fileID: 0}
  m_NavMeshLayer: 0
  m_StaticEditorFlags: 0
  m_IsActive: 1
--- !u!4 &3650255321223402390
Transform:
  m_ObjectHideFlags: 0
  m_CorrespondingSourceObject: {fileID: 0}
  m_PrefabInstance: {fileID: 0}
  m_PrefabAsset: {fileID: 0}
  m_GameObject: {fileID: 6050691435763288810}
  m_LocalRotation: {x: -0.054083016, y: 0.24603412, z: 0.9676911, w: -0.01077701}
  m_LocalPosition: {x: -0.15768886, y: -0.059625242, z: 0.012427752}
  m_LocalScale: {x: 1, y: 1, z: 1}
  m_Children:
  - {fileID: 6067962335940061974}
  m_Father: {fileID: 5722056990714154879}
  m_RootOrder: 0
  m_LocalEulerAnglesHint: {x: -65.964745, y: -6.521396, z: 174.27518}
--- !u!1 &6372732985865730048
GameObject:
  m_ObjectHideFlags: 0
  m_CorrespondingSourceObject: {fileID: 0}
  m_PrefabInstance: {fileID: 0}
  m_PrefabAsset: {fileID: 0}
  serializedVersion: 6
  m_Component:
  - component: {fileID: 5710605391003355865}
  m_Layer: 0
  m_Name: mixamorig:Spine
  m_TagString: Untagged
  m_Icon: {fileID: 0}
  m_NavMeshLayer: 0
  m_StaticEditorFlags: 0
  m_IsActive: 1
--- !u!4 &5710605391003355865
Transform:
  m_ObjectHideFlags: 0
  m_CorrespondingSourceObject: {fileID: 0}
  m_PrefabInstance: {fileID: 0}
  m_PrefabAsset: {fileID: 0}
  m_GameObject: {fileID: 6372732985865730048}
  m_LocalRotation: {x: 0.06391925, y: -0.010668177, z: 0.008223359, w: 0.9978642}
  m_LocalPosition: {x: -0, y: 0.107484356, z: 0.0034231567}
  m_LocalScale: {x: 1, y: 1, z: 1}
  m_Children:
  - {fileID: 8891063386309178027}
  m_Father: {fileID: 5722056990714154879}
  m_RootOrder: 2
  m_LocalEulerAnglesHint: {x: 22.680202, y: 1.7387538, z: 4.8559837}
--- !u!1 &6639389366632799340
GameObject:
  m_ObjectHideFlags: 0
  m_CorrespondingSourceObject: {fileID: 0}
  m_PrefabInstance: {fileID: 0}
  m_PrefabAsset: {fileID: 0}
  serializedVersion: 6
  m_Component:
  - component: {fileID: 4109047472100658322}
  m_Layer: 0
  m_Name: mixamorig:LeftHandIndex4
  m_TagString: Untagged
  m_Icon: {fileID: 0}
  m_NavMeshLayer: 0
  m_StaticEditorFlags: 0
  m_IsActive: 1
--- !u!4 &4109047472100658322
Transform:
  m_ObjectHideFlags: 0
  m_CorrespondingSourceObject: {fileID: 0}
  m_PrefabInstance: {fileID: 0}
  m_PrefabAsset: {fileID: 0}
  m_GameObject: {fileID: 6639389366632799340}
  m_LocalRotation: {x: 0, y: -0, z: -0, w: 1}
  m_LocalPosition: {x: -0.0030125827, y: 0.0062995325, z: -0.001103791}
  m_LocalScale: {x: 1, y: 1, z: 1}
  m_Children: []
  m_Father: {fileID: 6244755622001276402}
  m_RootOrder: 0
  m_LocalEulerAnglesHint: {x: 0, y: 0, z: 0}
--- !u!1 &7171270672530304619
GameObject:
  m_ObjectHideFlags: 0
  m_CorrespondingSourceObject: {fileID: 0}
  m_PrefabInstance: {fileID: 0}
  m_PrefabAsset: {fileID: 0}
  serializedVersion: 6
  m_Component:
  - component: {fileID: 5092082113184368011}
  m_Layer: 0
  m_Name: mixamorig:HeadTop_End
  m_TagString: Untagged
  m_Icon: {fileID: 0}
  m_NavMeshLayer: 0
  m_StaticEditorFlags: 0
  m_IsActive: 1
--- !u!4 &5092082113184368011
Transform:
  m_ObjectHideFlags: 0
  m_CorrespondingSourceObject: {fileID: 0}
  m_PrefabInstance: {fileID: 0}
  m_PrefabAsset: {fileID: 0}
  m_GameObject: {fileID: 7171270672530304619}
  m_LocalRotation: {x: 0, y: -0, z: -0, w: 1}
  m_LocalPosition: {x: -0, y: 0.6706053, z: 0.044684075}
  m_LocalScale: {x: 1, y: 1, z: 1}
  m_Children: []
  m_Father: {fileID: 2636082454283504398}
  m_RootOrder: 0
  m_LocalEulerAnglesHint: {x: 0, y: 0, z: 0}
--- !u!1 &7662249000979357856
GameObject:
  m_ObjectHideFlags: 0
  m_CorrespondingSourceObject: {fileID: 0}
  m_PrefabInstance: {fileID: 0}
  m_PrefabAsset: {fileID: 0}
  serializedVersion: 6
  m_Component:
  - component: {fileID: 8153939078645675862}
  m_Layer: 0
  m_Name: mixamorig:RightToeBase
  m_TagString: Untagged
  m_Icon: {fileID: 0}
  m_NavMeshLayer: 0
  m_StaticEditorFlags: 0
  m_IsActive: 1
--- !u!4 &8153939078645675862
Transform:
  m_ObjectHideFlags: 0
  m_CorrespondingSourceObject: {fileID: 0}
  m_PrefabInstance: {fileID: 0}
  m_PrefabAsset: {fileID: 0}
  m_GameObject: {fileID: 7662249000979357856}
  m_LocalRotation: {x: -0.024096837, y: 0.0019959544, z: -0.08150644, w: 0.9963795}
  m_LocalPosition: {x: 9.36926e-10, y: 0.07943811, z: 1.2597182e-10}
  m_LocalScale: {x: 1, y: 1, z: 1}
  m_Children:
  - {fileID: 7252090979815886595}
  m_Father: {fileID: 2650855931654393599}
  m_RootOrder: 0
  m_LocalEulerAnglesHint: {x: -2.100051, y: 0.40405545, z: -9.508953}
--- !u!1 &7829682110333800828
GameObject:
  m_ObjectHideFlags: 0
  m_CorrespondingSourceObject: {fileID: 0}
  m_PrefabInstance: {fileID: 0}
  m_PrefabAsset: {fileID: 0}
  serializedVersion: 6
  m_Component:
  - component: {fileID: 1966211304037111681}
  m_Layer: 0
  m_Name: mixamorig:LeftFoot
  m_TagString: Untagged
  m_Icon: {fileID: 0}
  m_NavMeshLayer: 0
  m_StaticEditorFlags: 0
  m_IsActive: 1
--- !u!4 &1966211304037111681
Transform:
  m_ObjectHideFlags: 0
  m_CorrespondingSourceObject: {fileID: 0}
  m_PrefabInstance: {fileID: 0}
  m_PrefabAsset: {fileID: 0}
  m_GameObject: {fileID: 7829682110333800828}
  m_LocalRotation: {x: 0.82967865, y: -0.17045976, z: 0.147974, w: 0.5105688}
  m_LocalPosition: {x: -3.4922606e-11, y: 0.2562913, z: 1.3817071e-10}
  m_LocalScale: {x: 1, y: 1, z: 1}
  m_Children:
  - {fileID: 1979393482709751994}
  m_Father: {fileID: 6067962335940061974}
  m_RootOrder: 0
  m_LocalEulerAnglesHint: {x: 58.76151, y: -177.51099, z: -150.13199}
--- !u!1 &8410868745063838847
GameObject:
  m_ObjectHideFlags: 0
  m_CorrespondingSourceObject: {fileID: 0}
  m_PrefabInstance: {fileID: 0}
  m_PrefabAsset: {fileID: 0}
  serializedVersion: 6
  m_Component:
  - component: {fileID: 299792029101113950}
  m_Layer: 0
  m_Name: mixamorig:RightLeg
  m_TagString: Untagged
  m_Icon: {fileID: 0}
  m_NavMeshLayer: 0
  m_StaticEditorFlags: 0
  m_IsActive: 1
--- !u!4 &299792029101113950
Transform:
  m_ObjectHideFlags: 0
  m_CorrespondingSourceObject: {fileID: 0}
  m_PrefabInstance: {fileID: 0}
  m_PrefabAsset: {fileID: 0}
  m_GameObject: {fileID: 8410868745063838847}
  m_LocalRotation: {x: -0.35944304, y: -0.060977098, z: 0.014914229, w: 0.9310532}
  m_LocalPosition: {x: -1.3095863e-10, y: 0.32884017, z: -1.0690111e-11}
  m_LocalScale: {x: 1, y: 1, z: 1}
  m_Children:
  - {fileID: 2650855931654393599}
  m_Father: {fileID: 7032936437791499806}
  m_RootOrder: 0
  m_LocalEulerAnglesHint: {x: -67.251205, y: -155.20207, z: 156.18794}
--- !u!1 &8739630646941276802
GameObject:
  m_ObjectHideFlags: 0
  m_CorrespondingSourceObject: {fileID: 0}
  m_PrefabInstance: {fileID: 0}
  m_PrefabAsset: {fileID: 0}
  serializedVersion: 6
  m_Component:
  - component: {fileID: 7733224986131504390}
  m_Layer: 0
  m_Name: mixamorig:RightForeArm
  m_TagString: Untagged
  m_Icon: {fileID: 0}
  m_NavMeshLayer: 0
  m_StaticEditorFlags: 0
  m_IsActive: 1
--- !u!4 &7733224986131504390
Transform:
  m_ObjectHideFlags: 0
  m_CorrespondingSourceObject: {fileID: 0}
  m_PrefabInstance: {fileID: 0}
  m_PrefabAsset: {fileID: 0}
  m_GameObject: {fileID: 8739630646941276802}
  m_LocalRotation: {x: -0.006446704, y: 0.00029727383, z: 0.23683982, w: 0.9715273}
  m_LocalPosition: {x: 1.1011842e-10, y: 0.23681538, z: -1.306374e-10}
  m_LocalScale: {x: 1, y: 1, z: 1}
  m_Children:
  - {fileID: 6820581640862149274}
  m_Father: {fileID: 6338654024783544478}
  m_RootOrder: 0
  m_LocalEulerAnglesHint: {x: -0.05505111, y: -0.043937203, z: 57.969013}
--- !u!1 &9135938537788252138
GameObject:
  m_ObjectHideFlags: 0
  m_CorrespondingSourceObject: {fileID: 0}
  m_PrefabInstance: {fileID: 0}
  m_PrefabAsset: {fileID: 0}
  serializedVersion: 6
  m_Component:
  - component: {fileID: 5229249173110222329}
  - component: {fileID: 9135938537788252143}
  m_Layer: 0
  m_Name: enemyV1
  m_TagString: Untagged
  m_Icon: {fileID: 0}
  m_NavMeshLayer: 0
  m_StaticEditorFlags: 0
  m_IsActive: 1
--- !u!4 &5229249173110222329
Transform:
  m_ObjectHideFlags: 0
  m_CorrespondingSourceObject: {fileID: 0}
  m_PrefabInstance: {fileID: 0}
  m_PrefabAsset: {fileID: 0}
  m_GameObject: {fileID: 9135938537788252138}
  m_LocalRotation: {x: 0, y: 0, z: 0, w: 1}
  m_LocalPosition: {x: -0.013037, y: 0.09, z: -0.071145}
  m_LocalScale: {x: 1.3006, y: 1.3006, z: 1.3006}
  m_Children:
  - {fileID: 6255536844605815761}
  - {fileID: 5722056990714154879}
  m_Father: {fileID: 2915737630867131573}
  m_RootOrder: 1
  m_LocalEulerAnglesHint: {x: 0, y: 0, z: 0}
--- !u!95 &9135938537788252143
Animator:
  serializedVersion: 3
  m_ObjectHideFlags: 0
  m_CorrespondingSourceObject: {fileID: 0}
  m_PrefabInstance: {fileID: 0}
  m_PrefabAsset: {fileID: 0}
  m_GameObject: {fileID: 9135938537788252138}
  m_Enabled: 1
  m_Avatar: {fileID: 0}
  m_Controller: {fileID: 9100000, guid: ea79c15c2b1978e4ba8319106045bdd8, type: 2}
  m_CullingMode: 0
  m_UpdateMode: 0
  m_ApplyRootMotion: 0
  m_LinearVelocityBlending: 0
  m_WarningMessage: 
  m_HasTransformHierarchy: 1
  m_AllowConstantClipSamplingOptimization: 1
  m_KeepAnimatorControllerStateOnDisable: 0
--- !u!1 &9147067535855889295
GameObject:
  m_ObjectHideFlags: 0
  m_CorrespondingSourceObject: {fileID: 0}
  m_PrefabInstance: {fileID: 0}
  m_PrefabAsset: {fileID: 0}
  serializedVersion: 6
  m_Component:
  - component: {fileID: 7283003627955611872}
  m_Layer: 0
  m_Name: mixamorig:RightHandIndex3
  m_TagString: Untagged
  m_Icon: {fileID: 0}
  m_NavMeshLayer: 0
  m_StaticEditorFlags: 0
  m_IsActive: 1
--- !u!4 &7283003627955611872
Transform:
  m_ObjectHideFlags: 0
  m_CorrespondingSourceObject: {fileID: 0}
  m_PrefabInstance: {fileID: 0}
  m_PrefabAsset: {fileID: 0}
  m_GameObject: {fileID: 9147067535855889295}
  m_LocalRotation: {x: -0.23758607, y: -0.054054663, z: -0.30977032, w: 0.9190611}
  m_LocalPosition: {x: -0.010316199, y: 0.027726918, z: -0.0002689478}
  m_LocalScale: {x: 1, y: 1, z: 1}
  m_Children:
  - {fileID: 7823557062097031669}
  m_Father: {fileID: 833282524622472004}
  m_RootOrder: 0
  m_LocalEulerAnglesHint: {x: 1.6954589, y: -3.6040134, z: 13.697685}
--- !u!1 &9221605009512817331
GameObject:
  m_ObjectHideFlags: 0
  m_CorrespondingSourceObject: {fileID: 0}
  m_PrefabInstance: {fileID: 0}
  m_PrefabAsset: {fileID: 0}
  serializedVersion: 6
  m_Component:
  - component: {fileID: 2650855931654393599}
  m_Layer: 0
  m_Name: mixamorig:RightFoot
  m_TagString: Untagged
  m_Icon: {fileID: 0}
  m_NavMeshLayer: 0
  m_StaticEditorFlags: 0
  m_IsActive: 1
--- !u!4 &2650855931654393599
Transform:
  m_ObjectHideFlags: 0
  m_CorrespondingSourceObject: {fileID: 0}
  m_PrefabInstance: {fileID: 0}
  m_PrefabAsset: {fileID: 0}
  m_GameObject: {fileID: 9221605009512817331}
  m_LocalRotation: {x: 0.8517285, y: 0.1494657, z: -0.18573368, w: 0.4666064}
  m_LocalPosition: {x: -1.704624e-11, y: 0.25653645, z: 8.3874296e-10}
  m_LocalScale: {x: 1, y: 1, z: 1}
  m_Children:
  - {fileID: 8153939078645675862}
  m_Father: {fileID: 299792029101113950}
  m_RootOrder: 0
  m_LocalEulerAnglesHint: {x: 49.699562, y: -170.49316, z: 162.77428}
--- !u!1001 &7123630677779738639
PrefabInstance:
  m_ObjectHideFlags: 0
  serializedVersion: 2
  m_Modification:
    m_TransformParent: {fileID: 2915737629766667267}
    m_Modifications:
    - target: {fileID: 4320823676864880172, guid: 0f08e29732732fe4ebddba6a268af7d9,
        type: 3}
      propertyPath: m_LocalPosition.x
      value: 0
      objectReference: {fileID: 0}
    - target: {fileID: 4320823676864880172, guid: 0f08e29732732fe4ebddba6a268af7d9,
        type: 3}
      propertyPath: m_LocalPosition.y
      value: 4
      objectReference: {fileID: 0}
    - target: {fileID: 4320823676864880172, guid: 0f08e29732732fe4ebddba6a268af7d9,
        type: 3}
      propertyPath: m_LocalPosition.z
      value: 0
      objectReference: {fileID: 0}
    - target: {fileID: 4320823676864880172, guid: 0f08e29732732fe4ebddba6a268af7d9,
        type: 3}
      propertyPath: m_LocalRotation.x
      value: -0.45719936
      objectReference: {fileID: 0}
    - target: {fileID: 4320823676864880172, guid: 0f08e29732732fe4ebddba6a268af7d9,
        type: 3}
      propertyPath: m_LocalRotation.y
      value: 0.52637523
      objectReference: {fileID: 0}
    - target: {fileID: 4320823676864880172, guid: 0f08e29732732fe4ebddba6a268af7d9,
        type: 3}
      propertyPath: m_LocalRotation.z
      value: -0.4543185
      objectReference: {fileID: 0}
    - target: {fileID: 4320823676864880172, guid: 0f08e29732732fe4ebddba6a268af7d9,
        type: 3}
      propertyPath: m_LocalRotation.w
      value: 0.55452013
      objectReference: {fileID: 0}
    - target: {fileID: 4320823676864880172, guid: 0f08e29732732fe4ebddba6a268af7d9,
        type: 3}
      propertyPath: m_RootOrder
      value: 2
      objectReference: {fileID: 0}
    - target: {fileID: 4320823676864880172, guid: 0f08e29732732fe4ebddba6a268af7d9,
        type: 3}
      propertyPath: m_LocalEulerAnglesHint.x
      value: 0
      objectReference: {fileID: 0}
    - target: {fileID: 4320823676864880172, guid: 0f08e29732732fe4ebddba6a268af7d9,
        type: 3}
      propertyPath: m_LocalEulerAnglesHint.y
      value: 90
      objectReference: {fileID: 0}
    - target: {fileID: 4320823676864880172, guid: 0f08e29732732fe4ebddba6a268af7d9,
        type: 3}
      propertyPath: m_LocalEulerAnglesHint.z
      value: -90
      objectReference: {fileID: 0}
    - target: {fileID: 4320823676864880172, guid: 0f08e29732732fe4ebddba6a268af7d9,
        type: 3}
      propertyPath: m_LocalScale.x
      value: 4
      objectReference: {fileID: 0}
    - target: {fileID: 4320823676864880172, guid: 0f08e29732732fe4ebddba6a268af7d9,
        type: 3}
      propertyPath: m_LocalScale.y
      value: 4
      objectReference: {fileID: 0}
    - target: {fileID: 4320823676864880172, guid: 0f08e29732732fe4ebddba6a268af7d9,
        type: 3}
      propertyPath: m_LocalScale.z
      value: 4
      objectReference: {fileID: 0}
    - target: {fileID: 4320823676865109698, guid: 0f08e29732732fe4ebddba6a268af7d9,
        type: 3}
      propertyPath: m_Name
      value: SneezeParticlePrefab
      objectReference: {fileID: 0}
    - target: {fileID: 4320823676865109698, guid: 0f08e29732732fe4ebddba6a268af7d9,
        type: 3}
      propertyPath: m_IsActive
      value: 0
      objectReference: {fileID: 0}
    m_RemovedComponents: []
  m_SourcePrefab: {fileID: 100100000, guid: 0f08e29732732fe4ebddba6a268af7d9, type: 3}
--- !u!4 &6425121979598253603 stripped
Transform:
  m_CorrespondingSourceObject: {fileID: 4320823676864880172, guid: 0f08e29732732fe4ebddba6a268af7d9,
    type: 3}
  m_PrefabInstance: {fileID: 7123630677779738639}
  m_PrefabAsset: {fileID: 0}
--- !u!1001 &8309472511269558655
PrefabInstance:
  m_ObjectHideFlags: 0
  serializedVersion: 2
  m_Modification:
    m_TransformParent: {fileID: 2915737629766667267}
    m_Modifications:
    - target: {fileID: 627867398073043880, guid: 86a5044efba26e24b912a4c95fe06ac3,
        type: 3}
      propertyPath: m_Name
      value: SneezeParticle
      objectReference: {fileID: 0}
    - target: {fileID: 627867398073043880, guid: 86a5044efba26e24b912a4c95fe06ac3,
        type: 3}
      propertyPath: m_IsActive
      value: 0
      objectReference: {fileID: 0}
    - target: {fileID: 627867398073240482, guid: 86a5044efba26e24b912a4c95fe06ac3,
        type: 3}
      propertyPath: m_LocalPosition.x
      value: 0
      objectReference: {fileID: 0}
    - target: {fileID: 627867398073240482, guid: 86a5044efba26e24b912a4c95fe06ac3,
        type: 3}
      propertyPath: m_LocalPosition.y
      value: 1.421
      objectReference: {fileID: 0}
    - target: {fileID: 627867398073240482, guid: 86a5044efba26e24b912a4c95fe06ac3,
        type: 3}
      propertyPath: m_LocalPosition.z
      value: 0.62799835
      objectReference: {fileID: 0}
    - target: {fileID: 627867398073240482, guid: 86a5044efba26e24b912a4c95fe06ac3,
        type: 3}
      propertyPath: m_LocalRotation.x
      value: -0.0000014603136
      objectReference: {fileID: 0}
    - target: {fileID: 627867398073240482, guid: 86a5044efba26e24b912a4c95fe06ac3,
        type: 3}
      propertyPath: m_LocalRotation.y
      value: -0
      objectReference: {fileID: 0}
    - target: {fileID: 627867398073240482, guid: 86a5044efba26e24b912a4c95fe06ac3,
        type: 3}
      propertyPath: m_LocalRotation.z
      value: -0
      objectReference: {fileID: 0}
    - target: {fileID: 627867398073240482, guid: 86a5044efba26e24b912a4c95fe06ac3,
        type: 3}
      propertyPath: m_LocalRotation.w
      value: 1
      objectReference: {fileID: 0}
    - target: {fileID: 627867398073240482, guid: 86a5044efba26e24b912a4c95fe06ac3,
        type: 3}
      propertyPath: m_RootOrder
      value: 3
      objectReference: {fileID: 0}
    - target: {fileID: 627867398073240482, guid: 86a5044efba26e24b912a4c95fe06ac3,
        type: 3}
      propertyPath: m_LocalEulerAnglesHint.x
      value: 0
      objectReference: {fileID: 0}
    - target: {fileID: 627867398073240482, guid: 86a5044efba26e24b912a4c95fe06ac3,
        type: 3}
      propertyPath: m_LocalEulerAnglesHint.y
      value: 0
      objectReference: {fileID: 0}
    - target: {fileID: 627867398073240482, guid: 86a5044efba26e24b912a4c95fe06ac3,
        type: 3}
      propertyPath: m_LocalEulerAnglesHint.z
      value: 0
      objectReference: {fileID: 0}
    m_RemovedComponents: []
  m_SourcePrefab: {fileID: 100100000, guid: 86a5044efba26e24b912a4c95fe06ac3, type: 3}
--- !u!4 &8928262202560615133 stripped
Transform:
  m_CorrespondingSourceObject: {fileID: 627867398073240482, guid: 86a5044efba26e24b912a4c95fe06ac3,
    type: 3}
  m_PrefabInstance: {fileID: 8309472511269558655}
  m_PrefabAsset: {fileID: 0}
--- !u!1001 &8916511893629784320
PrefabInstance:
  m_ObjectHideFlags: 0
  serializedVersion: 2
  m_Modification:
    m_TransformParent: {fileID: 2915737629766667267}
    m_Modifications:
    - target: {fileID: 6947841318326979705, guid: 5eaf3625b6f09d8419369ff1f0458d7a,
        type: 3}
      propertyPath: InitialModule.startSize.minScalar
      value: 1.96
      objectReference: {fileID: 0}
    - target: {fileID: 6947841318326979705, guid: 5eaf3625b6f09d8419369ff1f0458d7a,
        type: 3}
      propertyPath: InitialModule.startSize.scalar
      value: 0.91
      objectReference: {fileID: 0}
    - target: {fileID: 6947841318326979705, guid: 5eaf3625b6f09d8419369ff1f0458d7a,
        type: 3}
      propertyPath: InitialModule.startLifetime.minScalar
      value: 2
      objectReference: {fileID: 0}
    - target: {fileID: 6947841318341113235, guid: 5eaf3625b6f09d8419369ff1f0458d7a,
        type: 3}
      propertyPath: m_LocalPosition.x
      value: 0
      objectReference: {fileID: 0}
    - target: {fileID: 6947841318341113235, guid: 5eaf3625b6f09d8419369ff1f0458d7a,
        type: 3}
      propertyPath: m_LocalPosition.y
      value: 1
      objectReference: {fileID: 0}
    - target: {fileID: 6947841318341113235, guid: 5eaf3625b6f09d8419369ff1f0458d7a,
        type: 3}
      propertyPath: m_LocalPosition.z
      value: 0.35000017
      objectReference: {fileID: 0}
    - target: {fileID: 6947841318341113235, guid: 5eaf3625b6f09d8419369ff1f0458d7a,
        type: 3}
      propertyPath: m_LocalRotation.x
      value: -0.7071068
      objectReference: {fileID: 0}
    - target: {fileID: 6947841318341113235, guid: 5eaf3625b6f09d8419369ff1f0458d7a,
        type: 3}
      propertyPath: m_LocalRotation.y
      value: -0
      objectReference: {fileID: 0}
    - target: {fileID: 6947841318341113235, guid: 5eaf3625b6f09d8419369ff1f0458d7a,
        type: 3}
      propertyPath: m_LocalRotation.z
      value: -0
      objectReference: {fileID: 0}
    - target: {fileID: 6947841318341113235, guid: 5eaf3625b6f09d8419369ff1f0458d7a,
        type: 3}
      propertyPath: m_LocalRotation.w
      value: 0.7071068
      objectReference: {fileID: 0}
    - target: {fileID: 6947841318341113235, guid: 5eaf3625b6f09d8419369ff1f0458d7a,
        type: 3}
      propertyPath: m_RootOrder
      value: 0
      objectReference: {fileID: 0}
    - target: {fileID: 6947841318341113235, guid: 5eaf3625b6f09d8419369ff1f0458d7a,
        type: 3}
      propertyPath: m_LocalEulerAnglesHint.x
      value: -90
      objectReference: {fileID: 0}
    - target: {fileID: 6947841318341113235, guid: 5eaf3625b6f09d8419369ff1f0458d7a,
        type: 3}
      propertyPath: m_LocalEulerAnglesHint.y
      value: 0
      objectReference: {fileID: 0}
    - target: {fileID: 6947841318341113235, guid: 5eaf3625b6f09d8419369ff1f0458d7a,
        type: 3}
      propertyPath: m_LocalEulerAnglesHint.z
      value: 0
      objectReference: {fileID: 0}
    - target: {fileID: 6947841318341428237, guid: 5eaf3625b6f09d8419369ff1f0458d7a,
        type: 3}
      propertyPath: m_Name
      value: Clouds
      objectReference: {fileID: 0}
    - target: {fileID: 6947841318341428237, guid: 5eaf3625b6f09d8419369ff1f0458d7a,
        type: 3}
      propertyPath: m_IsActive
      value: 0
      objectReference: {fileID: 0}
    m_RemovedComponents: []
  m_SourcePrefab: {fileID: 100100000, guid: 5eaf3625b6f09d8419369ff1f0458d7a, type: 3}
--- !u!4 &2005896844640101523 stripped
Transform:
  m_CorrespondingSourceObject: {fileID: 6947841318341113235, guid: 5eaf3625b6f09d8419369ff1f0458d7a,
    type: 3}
  m_PrefabInstance: {fileID: 8916511893629784320}
  m_PrefabAsset: {fileID: 0}
--- !u!1 &2005896844640294157 stripped
GameObject:
  m_CorrespondingSourceObject: {fileID: 6947841318341428237, guid: 5eaf3625b6f09d8419369ff1f0458d7a,
    type: 3}
  m_PrefabInstance: {fileID: 8916511893629784320}
  m_PrefabAsset: {fileID: 0}
